1438 2466
149 124 253 150 acu.
279 110 503 163 508—507]
609 112 780 148 LIBER
818 113 876 149 Il.
1284 112 1329 147 1⁴.)

148 209 245 245 lium
271 209 568 254 bcucliciorum3
599 208 742 244 multos
768 209 901 245 Romae
928 207 1124 257 hospitum
1149 207 1331 255 urbisque

149 274 290 310 caritas
309 273 445 309 tenuit.
504 272 582 308 nis
602 272 706 308 locus
725 272 775 308 ad
795 272 1052 308 habitandum
1073 272 1197 315 datus,
1218 284 1330 319 quem

149 337 289 373 deinde
309 337 473 373 Tuscum
497 336 624 371 vicum
643 335 898 384 appellarunt.

231 401 273 437 P.
298 400 500 437 Lucretius
518 399 608 436 inde
627 405 668 436 et
687 400 730 436 P.
749 400 931 437 Valerius
947 399 1146 437 Publicola
1161 399 1334 435 consules
1354 396 1399 432 15

151 466 255 504 facti.
314 466 370 503 Eo
392 478 494 502 anno
513 470 748 514 postremum
770 465 886 514 legati
905 479 929 501 a
948 466 1037 502 Por·
1073 478 1335 506 tanainmotinmns

152 532 264 568 sinna
283 531 331 568 de
350 531 567 568 reducendo
586 531 628 566 in
647 544 808 580 regnum
828 532 1038 581 Tarquinio
1071 509 1334 565 {Uilli-lssl—llllssf'llll‘l

154 601 367 642 venerunt3
395 596 536 645 quibus
551 608 669 645 quum
686 609 912 645 responsum
928 601 1036 644 esset,
1071 578 1179 626 lllllilms
1195 574 1222 595 ω
1239 571 1335 594 iuscu-

154 661 360 698 missurum
389 660 438 697 ad
463 673 590 709 regem
616 663 794 696 senatum
823 660 978 709 legatOS,
1003 661 1109 697 missi
1135 660 1334 697 confestim

103 718 107 721 ⁴
154 725 475 762 honoratissimus
490 724 654 773 quisque
672 737 693 760 e
712 723 900 772 patribus.
951 724 988 760 N
993 738 1042 761 ou
1058 725 1153 774 quin
1168 725 1337 761 breviter
1356 740 1369 756 2

154 790 264 827 reddi
283 802 507 838 responsum
527 789 709 838 potuerit,
731 802 808 824 non
829 789 946 838 recipi
966 802 1083 839 reges,
1105 790 1190 826 ideo
1210 789 1339 839 potius

155 856 321 892 delectos
350 860 506 904 patrum
536 855 587 890 ad
617 867 704 890 eum
744 854 888 899 missos,
929 867 1045 903 quam
1083 855 1220 903 legatis
1258 855 1340 891 eius

158 921 291 957 Romae
310 921 468 956 daretur
482 932 718 968 responsum,
734 919 799 955 scd
821 923 867 955 ut
886 919 926 955 in
947 924 1173 968 perpetuum
1196 919 1340 955 mentio

157 987 239 1023 eius
267 986 324 1023 rei
353 985 539 1031 finiretur,
573 998 649 1022 neu
682 985 723 1020 in
754 985 876 1021 tantis
906 986 1052 1021 mutuis
1081 984 1276 1022 beneficiis
1300 983 1339 1019 in

158 1052 281 1088 vicem
311 1051 431 1088 animi
459 1050 776 1095 sollicitarentur,
806 1063 925 1099 quum
956 1050 1022 1087 ille
1051 1054 1211 1099 peteret,
1239 1049 1340 1098 quod

157 1121 291 1154 contra
319 1117 539 1153 libertatem
568 1115 701 1165 populi
731 1115 899 1151 Romani
927 1119 1037 1161 essct,
1067 1115 1248 1161 Romani,
1268 1115 1340 1150 nisi

158 1182 199 1218 'm
228 1181 436 1230 perniciem
465 1193 574 1217 suam
602 1180 734 1216 faciles
762 1193 842 1216 csse
870 1179 1026 1225 vellent,
1059 1183 1255 1229 negarent,
1282 1179 1342 1215 cui

160 1246 257 1282 nihil
275 1251 458 1295 negatum
479 1245 633 1282 vellent.
692 1245 784 1281 Non
804 1245 845 1280 in
866 1257 981 1293 regno
1001 1244 1186 1293 populum
1207 1243 1343 1279 Roma—
1363 1259 1377 1282 3

160 1323 264 1355 num,
291 1311 356 1347 sed
383 1311 424 1347 in
448 1311 628 1347 libertate
648 1323 736 1346 csse.
796 1309 861 1346 Ita
880 1309 1079 1346 induxisse
1098 1309 1139 1345 in
1159 1308 1344 1354 animum,

162 1376 336 1413 hostibus
369 1377 498 1426 potius
528 1380 659 1426 portas
691 1388 807 1425 quam
839 1375 993 1424 regibus
1023 1375 1263 1424 patefacere,
1302 1387 1345 1409 ea

161 1455 241 1479 esse
270 1448 361 1479 vota
387 1443 572 1487 omnium,
602 1447 657 1488 ut,
687 1442 754 1490 qui
782 1441 955 1478 libertati
984 1440 1060 1477 erit
1087 1440 1128 1476 in
1155 1439 1225 1476 illa
1252 1439 1347 1476 urbe

162 1506 260 1552 fim’s,
292 1506 395 1543 idem
425 1506 512 1543 urbi
541 1506 603 1543 sit.
663 1505 842 1551 Proinde,
876 1505 910 1542 si
942 1505 1089 1541 salvam
1119 1517 1200 1541 esse
1231 1503 1378 1540 vellct4

164 1571 340 1616 Romam,
375 1576 419 1608 ut
447 1571 620 1620 patiatur
647 1570 808 1606 liberam
836 1583 927 1615 esse,
952 1582 1072 1606 orare.
1130 1569 1218 1605 Rex
1245 1581 1348 1605 verc—
1366 1582 1380 1605 5

163 1637 304 1683 cundia
334 1636 460 1673 victus
491 1635 690 1680 “Quando
720 1635 761 1671 id
788 1639 937 1671 certum
964 1639 1081 1683 atque
1109 1634 1347 1671 obstinatum

163 1706 223 1738 est
235 1701 253 1716 ’'
273 1702 412 1751 inquit,
437 1703 596 1750 “neque
624 1713 694 1750 ego
722 1700 936 1746 qbtundam
964 1699 1104 1749 saepius
1132 1700 1262 1737 eadem
1283 1712 1341 1735 nc-

164 1766 369 1815 quicquam
407 1765 563 1814 agendo,
606 1778 676 1802 nec
712 1765 945 1814 Tarquinios
973 1777 1038 1813 spe
1067 1764 1215 1809 auxilii,
1245 1763 1348 1813 quod

165 1830 316 1867 nullum
341 1831 382 1866 in
408 1843 468 1867 me
492 1834 561 1876 est,
583 1830 810 1866 frustrabor.
868 1829 1006 1866 Alium
1032 1828 1134 1874 hinc,
1156 1841 1222 1865 seu
1247 1827 1348 1864 bello

165 1909 261 1945 opus
289 1901 347 1932 cst
375 1909 442 1932 seu
470 1895 611 1945 quiete,
642 1895 778 1932 exsilio
806 1898 983 1944 quierant
1010 1894 1147 1939 locum,
1178 1906 1227 1930 nc
1255 1893 1348 1942 quid

167 1973 290 1997 meam
310 1960 508 1996 vobiscum
527 1972 658 2008 pacem
678 1958 898 1996 distineat.''
954 1957 1082 1994 Dictis
1101 1957 1203 1993 facta
1222 1956 1349 1993 amici·
1368 1967 1383 1991 6

166 2039 234 2063 ora
261 2025 425 2071 adiecit3
471 2024 648 2062 obsidum
677 2023 781 2074 quod
808 2023 1001 2072 reliquum
1031 2027 1126 2068 erat,
1156 2021 1350 2068 reddidit5

167 2102 302 2138 agrum
332 2088 552 2136 Veientem,
580 2088 724 2125 foedere
756 2087 804 2124 ad
835 2087 1057 2124 Ianiculum
1087 2086 1166 2123 icto
1198 2085 1350 2135 ademp-

168 2158 263 2199 tum,
286 2153 470 2192 restituit.
527 2153 774 2203 Tarquinius,
805 2165 871 2202 spe
901 2151 1006 2188 omni
1035 2151 1185 2188 reditus
1217 2150 1348 2196 incisa,
1371 2165 1385 2189 7

168 2218 388 2256 exsulatum
421 2218 468 2255 ad
500 2231 685 2268 generum
714 2217 937 2254 Mamilium
968 2215 1175 2254 Octavium
1207 2215 1350 2253 Tuscu-

1125 2288 1234 2326 2—2
