1438 2466
147 114 220 151 144
691 114 843 153 LIVII
1097 114 1229 167 [A.U.c.
1253 129 1326 166 305

144 211 380 248 audentibus
418 211 580 260 singulis
610 212 769 248 invidiae
806 225 845 249 se
883 213 1025 250 offerre.
1086 213 1136 249 Id
1167 213 1281 250 modo
1309 227 1332 251 a

146 277 402 313 multitudine
428 277 710 314 conclamatum
737 282 806 325 est,
832 283 879 314 ut
907 279 949 316 L.
982 278 1185 315 Valerium
1208 282 1248 315 et
1272 279 1328 315 M.

147 341 359 377 Horatium
379 341 427 377 ad
453 354 492 377 se
518 342 721 378 mitterent
733 356 743 390 3
773 343 821 379 iis
839 356 880 379 se
905 343 1064 380 daturos
1092 356 1326 393 responsum.

81 410 127 447 51
149 405 330 442 Dimissis
349 405 496 454 legatiS‚
519 406 703 443 admonet
721 407 864 444 milites
883 407 1109 457 Verginius,
1130 408 1173 444 in
1192 421 1233 445 re
1251 421 1330 445 non

149 471 318 507 maxima
345 471 462 519 paulo
487 475 578 507 ante
605 471 844 520 trepidatum
871 485 960 517 esse,
987 472 1080 521 quia
1099 473 1181 509 sine
1208 473 1333 521 capite

150 535 364 571 multitudo
384 534 516 581 fuerit,
541 548 858 585 responsumque,
879 550 1102 586 quanquam
1121 550 1199 573 non
1218 537 1335 573 inuti-

149 598 250 645 liter,
277 599 442 635 fortuito
468 603 601 635 tamen
632 601 752 649 magis
779 613 966 637 consensu
995 614 1112 650 quam
1141 601 1337 638 communi

118 684 133 700 2
150 664 311 700 consilio
345 676 425 701 esse
433 677 444 710 3
473 664 633 713 placere,
670 665 801 702 decem
832 666 964 712 creari,
996 667 1064 715 qui
1094 679 1252 703 summae
1280 666 1337 703 rei

150 734 371 777 praeessent,
394 729 635 779 militarique
658 730 803 766 honore
822 730 1000 767 tribunos
1019 731 1191 767 militum
1211 731 1338 780 appel-

120 808 133 831 3
152 794 234 830 lari.
293 794 425 839 Quum
456 794 504 830 ad
533 807 621 830 eum
650 795 777 843 ipsum
808 795 977 843 primum
1007 795 1040 831 is
1066 795 1187 831 honos
1216 795 1338 832 defer-

152 862 271 904 retur,
309 858 573 895 “Melioribus
600 859 696 895 meis
722 859 939 907 vestrisque
967 859 1082 895 rebus
1116 863 1310 895 reservate
1320 859 1338 874 '’

121 923 284 972 4inquit
322 923 429 959 “ista
466 923 513 960 de
543 936 604 959 me
636 923 789 961 iudicia.
849 924 933 961 Nec
963 924 1059 960 mihi
1100 924 1181 960 filia
1212 924 1341 960 inulta

154 987 338 1024 honorem
359 987 483 1023 ullum
502 987 716 1023 iucundum
739 1000 819 1023 esse
846 987 1006 1037 patitur,
1029 1001 1098 1024 nec
1126 988 1167 1024 in
1192 993 1341 1036 pertur-

153 1053 245 1089 bata
263 1064 304 1088 re
323 1051 479 1101 publica
500 1065 563 1088 eos
583 1053 680 1088 utile
699 1056 758 1089 est
778 1065 937 1101 praeesse
956 1052 1076 1098 vobis,
1092 1052 1159 1101 qui
1175 1053 1340 1101 proximi

125 1135 138 1157 5
155 1117 312 1153 invidiae
336 1117 426 1153 sint.
484 1116 525 1153 Si
554 1118 640 1166 quis
670 1129 762 1153 usus
791 1116 866 1152 mei
895 1121 964 1163 est,
990 1116 1114 1153 nihilo
1139 1117 1267 1153 minor
1292 1130 1339 1153 ex

124 1199 139 1222 6
155 1181 308 1230 privato
333 1182 542 1230 capietur.”
599 1182 662 1218 Ita
690 1182 819 1219 decem
844 1195 1006 1219 numero
1034 1183 1212 1219 tribunos
1240 1183 1339 1219 mili-

158 1251 260 1283 tares
280 1250 424 1283 creant.

125 1331 138 1353 7
238 1311 376 1360 Neque
404 1312 445 1347 in
475 1311 629 1348 Sabinis
658 1311 809 1360 quievit
837 1311 1041 1347 exercitus.
1100 1311 1165 1347 Ibi
1190 1323 1341 1360 quoque

157 1391 233 1421 They
244 1389 395 1420 arejoined
409 1390 444 1420 by
472 1380 629 1413 auctore
656 1376 767 1412 Icilio
795 1375 1096 1425 Numitorioque
1116 1376 1275 1412 secessio
1293 1376 1341 1412 ab

157 1421 408 1482 ts'ssii›1²r³1[nt¹gri1rt‘‹³›¹1¹·¹yt
410 1422 442 1445 ¹¹⁰
471 1440 698 1476 decemviris
726 1440 830 1477 facta
858 1446 925 1486 est,
952 1454 1030 1477 non
1057 1441 1205 1477 minore
1234 1446 1342 1477 motu

158 1506 377 1543 animorum
397 1505 510 1542 Siecii
531 1505 643 1541 caedis
662 1506 848 1542 memoria.
867 1510 1064 1553 renovata,
1087 1518 1203 1554 quam
1229 1518 1342 1554 quem

159 1583 260 1606 nova
288 1569 392 1606 fama
420 1569 467 1605 de
493 1570 642 1618 virgine
671 1571 765 1606 adeo
791 1570 887 1606 soede
913 1570 960 1605 ad
990 1569 1192 1606 libidinem
1221 1570 1343 1618 petita

127 1649 142 1673 8
160 1635 397 1673 accenderat.
456 1635 591 1671 Icilius
617 1635 684 1671 ubi
710 1635 874 1682 audivit,
904 1635 1082 1671 tribunos
1107 1635 1277 1672 militum
1303 1636 1342 1671 in

160 1699 364 1736 Aventino
396 1703 554 1743 creatos,
586 1712 634 1735 ne
668 1699 913 1735 comitiorum
946 1699 1176 1735 militarium
1210 1688 1344 1748 1)ΐέἒῖῑο-

159 1764 332 1813 gativam
353 1763 501 1799 urbana
514 1763 671 1799 comitia
690 1763 826 1800 iisdem
846 1763 1014 1799 tribunis
1033 1762 1155 1812 plebis
1171 1763 1346 1799 creandis

129 1849 145 1872 9
161 1831 425 1877 sequerentur,
453 1827 602 1876 peritus
630 1840 759 1863 rerum
788 1827 1033 1876 popularium
1061 1827 1346 1876 imminensque.

162 1895 195 1930 ei
223 1892 420 1942 potestati,
441 1896 480 1928 et
505 1892 597 1941 ipse,
620 1892 846 1941 priusquam
871 1892 996 1928 iretur
1020 1892 1069 1928 ad
1094 1892 1240 1937 urbem,
1262 1892 1345 1941 pari

163 1961 354 2006 potestate
380 1955 545 1993 eundem
571 1968 774 1992 numerum
804 1957 853 1992 ab
880 1956 959 1991 suis
987 1955 1194 1991 creandum
1223 1958 1341 1991 cumt

118 2040 147 2055 ιο
164 2022 284 2058 Porta
313 2020 464 2057 Collina
491 2020 625 2056 urbem
660 2019 855 2056 intravero
883 2020 954 2055 sub
983 2019 1114 2069 signis,
1145 2018 1346 2068 mediaque

163 2087 258 2123 urbe
286 2086 440 2134 agmine
470 2085 511 2121 in
542 2085 787 2121 Aventinum
818 2089 993 2134 pergunt.
1054 2084 1116 2120 Ibi
1150 2084 1345 2121 coniuncti

163 2151 276 2188 alteri
297 2150 484 2187 exercitui
506 2149 646 2198 viginti
673 2149 841 2186 tribunis
860 2150 1030 2185 militum
1058 2149 1255 2199 negotium
1282 2149 1345 2185 de-

164 2217 316 2262 derunt,
339 2220 383 2251 ut
411 2228 457 2252 ex
485 2228 553 2252 suo
578 2227 738 2251 numero
764 2214 860 2251 duos
886 2218 1072 2258 crem-ont,
1093 2213 1160 2263 qui
1187 2226 1346 2250 summm
