1438 2466
114 149 219 178 ΔΑΗ.
242 137 469 192 461-460]
559 138 732 176 LIBER
768 138 852 176 III.
1245 142 1294 179 99

113 236 263 273 animos
276 250 287 284 3
314 237 381 274 sed
399 237 455 273 ibi
479 237 692 286 plurimum
717 236 930 285 profectum
957 241 1027 282 est,
1054 238 1158 286 quod
1183 238 1296 275 modo

115 301 282 350 quodam
318 305 583 350 temperavere
620 301 789 350 impetus
832 314 930 338 suos.
1003 302 1133 346 Quum
1173 303 1296 351 primo
1313 318 1328 340 4

114 369 202 414 post
236 364 405 402 Caesonis
435 365 616 401 exsilium
645 365 708 401 lex
737 370 862 414 coepta
889 365 982 401 ferri
1014 372 1083 413 est,
1112 367 1297 403 instructi

114 429 319 479 paratique
337 441 425 465 cum
444 429 595 478 ingenti
613 429 814 465 clientium
841 429 1014 466 exercitu
1034 430 1088 466 sic
1107 431 1294 476 tribunos,

116 494 183 530 ubi
216 494 385 543 primum
417 498 705 530 summoventes
742 494 939 542 praebuere
971 507 1137 541 causam,
1172 495 1298 531 adorti

115 565 220 600 sunt,
240 562 285 593 ut
303 569 417 593 nemo
436 569 538 593 unus
566 557 656 593 inde
683 557 919 606 praecipuum
940 559 1148 606 quicquam
1167 559 1297 607 gloriae

115 622 272 659 domum
292 621 497 657 invidiaeve
523 621 650 666 ferret,
671 621 777 657 mille
797 634 865 669 pro
884 634 962 657 uno
984 621 1158 658 Caesones
1184 623 1298 658 exsti-

117 687 209 723 tisse
223 687 352 736 plebae
371 691 607 735 quereretur.
665 686 810 723 Mediis
825 686 971 732 diebus,
986 687 1128 735 quibus
1147 689 1297 725 tribuni
1315 704 1329 728 5

116 750 163 787 de
195 750 277 799 lege
299 763 379 786 non
406 754 576 798 agerent,
607 749 706 785 nihil
735 749 878 785 eisdem
907 749 985 785 illis
1013 750 1202 798 placidius
1229 756 1299 787 aut

117 815 287 864 quietius
301 820 394 852 erat.
428 815 602 864 Benigne
617 815 799 859 salutare,
813 814 960 863 alloqui
974 814 1097 863 plebis
1111 814 1296 860 homines,

117 876 273 913 domum
293 876 473 921 invitare,
494 875 625 912 adesse
651 875 693 911 in
720 875 813 921 foro,
835 875 1016 912 tribunos
1043 875 1147 924 ipsos
1173 880 1300 912 cetera

117 941 198 990 pati
217 940 301 977 sine
320 939 633 989 interpellatione
652 939 815 976 concilia
833 939 986 986 habere,
1007 952 1209 988 nunquam
1229 939 1299 976 ulli

117 1017 242 1054 neque
264 1005 416 1054 publice
442 1017 567 1053 neque
594 1003 779 1052 privatim
808 1008 934 1039 truces
962 1016 1053 1048 esse,
1074 1003 1149 1039 m'si
1177 1016 1297 1052 quum

116 1069 164 1106 de
201 1069 282 1117 lege
312 1068 373 1116 agi
403 1072 570 1116 coeptum
602 1072 724 1113 esset;
753 1066 847 1102 alibi
879 1067 1077 1115 popularis
1115 1068 1299 1104 iuventus

117 1138 211 1171 erat.
268 1132 308 1169 N
312 1145 353 1169 ec
382 1137 508 1168 cetera
536 1131 650 1168 modo
683 1131 832 1167 tribuni
861 1132 1072 1180 tranquillo
1105 1145 1294 1181 peregere,
1316 1148 1333 1171 c.

117 1198 182 1236 sed
203 1197 336 1233 refecti
360 1209 511 1246 quoque
536 1197 577 1232 in
606 1197 874 1245 insequentem
901 1209 1057 1234 annum.
1115 1196 1179 1234 Ne
1207 1210 1298 1234 voce

119 1262 274 1311 quidem
294 1259 538 1305 incommodi,
560 1259 703 1296 nedum
723 1264 768 1296 ut
787 1259 868 1296 ulla
886 1260 947 1296 vis
966 1260 1086 1306 fieret,
1108 1260 1297 1309 paulatim

119 1325 391 1376 permulcendo
432 1325 712 1373 tractandoque
750 1325 1082 1361 mansuefecerant
1128 1326 1292 1374 plebem.

120 1390 197 1427 His
216 1403 284 1439 per
302 1394 428 1427 totum
449 1403 593 1425 annum
613 1390 762 1426 artibus
782 1389 844 1426 lex
864 1390 971 1426 elusa
990 1395 1057 1427 est.

197 1454 410 1503 Accipiunt
429 1454 627 1490 civitatem
654 1453 901 1502 placidiorem
925 1454 1100 1490 consules
1120 1455 1159 1492 C.
1184 1454 1297 1492 Clau·
1318 1454 1366 1492 15

118 1518 206 1555 dius
225 1519 350 1567 Appii
368 1518 471 1554 filius
489 1523 530 1555 et
549 1518 591 1554 P.
617 1518 799 1554 Valerius
819 1518 1034 1555 Publicola.
1073 1519 1187 1555 Nihil
1208 1520 1298 1556 novi

118 1596 243 1620 novus
271 1595 397 1619 annus
424 1582 635 1629 attulerat3
664 1583 759 1632 legis
784 1583 949 1619 ferendae
977 1588 1048 1619 aut
1070 1584 1298 1633 accipiendae

118 1660 211 1688 cura
247 1647 442 1684 civitatem
475 1648 643 1685 tenebat.
703 1647 904 1692 Quantum
934 1647 1106 1684 iuniores
1144 1653 1296 1697 patrum
1315 1669 1331 1686 2

119 1711 224 1761 plebi
250 1723 291 1748 se
318 1711 441 1761 magis
469 1711 733 1756 insinuabant,
767 1724 811 1748 eo
833 1711 959 1748 acrius
987 1716 1122 1748 contra
1150 1712 1297 1749 tribuni

119 1773 342 1820 tendebant,
364 1779 409 1810 ut
428 1774 531 1823 plebi
549 1779 746 1823 suspectos
765 1786 829 1810 eos
848 1774 1089 1811 criminando
1109 1774 1299 1812 facerent:

119 1838 426 1876 coniurationem
460 1838 626 1886 factam3
660 1838 856 1876 Caesonem
885 1839 1020 1875 Romae
1048 1851 1154 1886 esse3
1184 1839 1299 1877 inter-
1316 1858 1332 1882 3

121 1903 370 1940 ficiendorum
405 1903 663 1948 tribunorum,
704 1903 942 1939 trucidandae
980 1902 1105 1952 plebis
1141 1904 1299 1941 consilia

120 1968 242 2015 inita-3
278 1967 319 2005 id
351 1967 497 2017 negotii
533 1967 668 2004 datum
705 1967 754 2004 ab
791 1968 1008 2004 senioribus
1045 1972 1212 2017 patrum,
1254 1974 1299 2006 ut

120 2033 304 2070 iuventus
322 2033 570 2069 tribuniciam
589 2036 821 2082 potestatem
846 2045 867 2069 e
895 2045 936 2068 re
955 2031 1110 2081 publiea
1134 2032 1297 2078 tolleret,

120 2096 318 2145 formaque
354 2095 488 2132 eadem
525 2095 697 2132 civitatis
734 2100 845 2142 esset,
889 2107 973 2145 quae
1009 2099 1101 2132 ante
1139 2095 1297 2134 Sacrum

119 2165 292 2197 montem
337 2164 565 2210 occupatum
614 2160 751 2198 fuerat.
820 2160 874 2197 Et
917 2160 967 2197 ab
1066 2201 1072 2208 ,
1316 2177 1330 2200 ⁴

121 2223 274 2261 Volscis
293 2228 333 2260 et
360 2223 503 2274 AEquis
520 2228 667 2261 statum
685 2223 764 2261 iam
786 2236 831 2261 ac
849 2237 966 2273 prope
1002 2202 1108 2232 ”⁹¹⁸⁵
1134 2203 1298 2229 nanuum

1073 2296 1186 2336 7—2
