1438 2466
170 108 244 144 156
690 109 840 147 LIVII
1120 110 1248 162 [A.U.c.
1274 125 1346 163 305

165 218 280 254 quam
311 206 473 255 patricio
505 219 598 242 cura
625 207 773 253 fuisset,
803 212 843 244 et
870 212 961 244 ante
991 208 1167 245 inimicos
1194 210 1353 247 satietas

166 283 366 319 poenarum
394 283 552 306 suarum
581 271 752 319 cepisset,
776 284 893 320 quam
921 272 1073 308 obviam
1099 272 1222 309 ituros
1242 273 1353 310 licen-

135 347 150 371 5
166 334 230 370 tiae
263 347 394 370 eorum
426 335 602 370 consules
634 340 845 384 appareret.
906 336 1104 385 Multique
1134 341 1256 384 erant,
1286 338 1354 386 qui

167 398 320 434 mollius
340 398 557 434 consultum
579 398 760 446 dicerent,
783 399 885 448 quod
905 400 1031 448 legum
1051 400 1101 436 ab
1120 400 1168 437 iis
1186 401 1352 438 latarum

167 466 296 511 patres
333 466 506 497 auctores
543 462 731 509 fuissent,
778 476 903 512 neque
936 468 1020 500 erat
1051 464 1224 512 dubium,
1259 466 1354 515 quin

168 526 326 561 turbato
345 525 400 561 rei
419 525 583 574 publicae
602 531 708 563 statu
728 528 893 576 tempori
913 528 1211 565 succubuissent.

101 594 150 631 60
249 589 446 635 Consules,
484 591 599 627 rebus
646 591 806 628 urbanis
851 592 1072 641 compositis
1117 593 1356 642 fundatoque

201 668 270 693 war
288 669 350 692 with
368 669 457 699 Aequi
489 655 614 703 plebis
628 660 745 702 statu,
761 656 803 692 in
818 656 1036 705 provincias
1055 657 1197 693 diversi
1216 658 1354 694 abiere.

169 699 223 723 and
239 699 325 723 Volsci
342 699 395 723 and
411 701 456 723 Su-
617 719 623 725 .
964 721 971 727 .
1134 720 1141 726 .
1231 720 1239 727 .

170 730 251 753 mnes.
295 730 385 759 signal
413 730 457 754 de·
491 719 675 755 Valerius
689 719 874 755 adversus
889 724 1112 756 coniunctos
1131 733 1206 756 iam
1228 733 1269 756 m
1289 721 1356 757 Al-

171 760 458 821 wtvgfertiffiformer
489 784 579 833 gido
599 785 791 820 exercitus
810 785 1032 834 AEquorum
1053 786 1358 835 Volscorumque

140 877 155 893 2
171 852 360 889 sustinuit
387 850 544 888 consilio
570 849 739 895 bellum3
768 849 871 897 quod
900 849 932 885 si
960 850 1154 898 extemplo
1182 863 1262 886 rem
1285 850 1358 886 for-

172 922 276 953 tunae
314 915 577 960 commisisset,
617 914 720 949 haud
758 914 836 949 scio
863 927 923 959 an,
954 914 1021 962 qui
1049 918 1134 949 tum
1162 914 1281 950 animi
1309 915 1358 950 ab

172 979 476 1016 decemvirorum
506 977 727 1013 infelicibus
755 976 936 1025 auspiciis
966 976 1154 1013 Romanis
1171 977 1358 1013 hostibus-

172 1056 247 1092 que
288 1047 410 1088 erant,
459 1054 598 1090 magno
644 1041 878 1077 detrimento
925 1045 1119 1077 certamen
1165 1046 1358 1077 staturum

142 1129 156 1152 3
172 1107 300 1144 fuerit.
361 1107 508 1143 Castris
532 1106 638 1142 mille
664 1118 845 1154 passuum
873 1105 922 1140 ab
949 1105 1058 1141 hoste
1078 1105 1214 1154 positis
1233 1106 1360 1154 copias

173 1172 408 1209 continebat.
458 1171 604 1207 Hostes
624 1169 793 1205 medium
815 1169 918 1205 inter
938 1169 1027 1205 bina
1046 1173 1173 1205 castra
1192 1169 1358 1218 spatium

173 1237 252 1272 acie
281 1236 471 1272 instructa
499 1233 754 1283 complebant,
786 1233 1162 1282 provocantibusque
1189 1233 1238 1269 ad
1266 1246 1360 1282 proe-

141 1325 157 1349 4
174 1301 271 1337 lium
307 1313 531 1349 responsum
564 1300 764 1335 Romanus
794 1311 906 1334 nemo
940 1298 1131 1334 reddebat.
1191 1298 1360 1334 Tandem

174 1365 327 1414 fatigati
355 1364 494 1401 stando
521 1376 565 1400 ac
593 1363 847 1412 nequicquam
877 1362 1136 1411 exspectando
1168 1367 1362 1399 certamen

175 1429 298 1478 AEqui
315 1429 535 1478 Volscique,
558 1432 761 1477 postquam
781 1440 1000 1463 concessum
1022 1428 1295 1476 propemodum
1316 1428 1363 1463 de

176 1494 338 1530 victoria
363 1493 581 1539 credebant,
604 1505 691 1540 pars
718 1491 758 1527 in
788 1492 989 1537 Hernicos,
1016 1505 1103 1540 pars
1131 1492 1172 1527 in
1201 1492 1363 1528 Latinos

175 1557 387 1606 praedatum
405 1557 551 1592 abeunt
563 1568 574 1601 ;
603 1555 838 1604 relinquitur
853 1555 974 1604 magis
989 1557 1124 1591 castris
1143 1555 1362 1604 praesidium

145 1634 292 1671 5quam
325 1621 418 1657 satis
453 1621 594 1656 virium
628 1620 676 1655 ad
713 1624 917 1656 certamen.
977 1620 1087 1664 Quod
1126 1619 1192 1655 ubi
1231 1620 1363 1656 consul

176 1686 308 1732 sensit,
348 1685 476 1721 reddit
512 1684 666 1720 illatum
704 1688 819 1719 antea
861 1688 1058 1729 terrerem,
1096 1683 1364 1732 instructaque

144 1765 161 1790 6
177 1752 257 1788 acie
286 1751 390 1787 ultro
419 1750 567 1786 hostem
597 1749 758 1786 lacessit.
823 1748 900 1784 Ubi
927 1749 986 1784 illi
1005 1748 1251 1793 conscientia,
1272 1748 1364 1797 quid

177 1819 326 1854 abesset
354 1817 509 1861 virium,
531 1816 793 1852 detrectavere
819 1828 1000 1864 pugnam,
1022 1815 1145 1851 crevit
1169 1815 1365 1864 extemplo

180 1882 366 1919 Romanis
404 1882 566 1926 annuus,
606 1885 645 1916 et
682 1893 751 1929 pro
789 1880 903 1916 victis
941 1880 1134 1916 habebant
1180 1884 1366 1928 paventes

147 1947 281 1995 qintra
319 1946 474 1983 vallum.
535 1945 664 1990 Quum
696 1958 764 1993 per
797 1949 923 1981 totum
954 1945 1056 1981 diem
1085 1944 1284 1981 stetissent
1311 1945 1367 1980 111-

179 2011 280 2048 tenti
307 2010 355 2047 ad
384 2014 590 2055 certamen,
612 2009 717 2045 nocti
737 2022 890 2046 cessere.
951 2009 1003 2045 Et
1024 2009 1190 2045 Romani
1211 2010 1365 2058 quidem

178 2075 282 2125 pleni
302 2075 382 2124 spei
402 2087 560 2123 corpora
578 2074 789 2121 curabant3
820 2073 1116 2123 haudquaquam
1136 2074 1219 2123 pari
1240 2073 1368 2110 hostes

179 2141 307 2176 animo
328 2140 485 2176 nuntios
505 2139 647 2189 passim
667 2139 808 2188 trepidi
824 2139 872 2175 ad
888 2139 1123 2175 revocandos
1137 2139 1369 2187 pandam-es

179 2205 396 2241 dimittunt.
458 2205 688 2241 Reum-ritui·
718 2218 764 2240 ex
796 2204 984 2253 proximis
1018 2204 1132 2250 locis;
1167 2204 1369 2240 ulteriores
