1438 2466
139 136 244 164 Λευ.
269 123 362 176 508]
597 125 767 161 LIBER
804 124 862 161 II.
1276 126 1314 161 ll

139 227 334 260 mortuum
359 223 442 259 eius
466 222 589 258 filium
615 235 705 267 esse,
726 223 954 269 funestaque
980 221 1129 257 familia
1147 222 1320 257 ‹li-dicare

139 299 228 324 eum
255 287 443 336 templum
473 299 550 322 non
579 299 698 334 posse.
756 286 847 322 Non
870 285 1075 322 crediderit
1094 286 1249 330 finctum,
1270 298 1319 320 an
1338 301 1353 324 Β

138 355 293 388 tantuin
319 351 448 387 animo
472 350 619 386 roboris
647 349 779 392 fuerit,
798 362 867 385 nec
892 349 1062 386 traditur
1085 353 1233 385 eertum
1252 361 1321 384 nec

138 414 409 464 interpretatio
437 418 495 451 est
514 413 644 451 facilis
706 413 817 450 Nihil
837 413 942 449 aliud
963 413 1011 449 ad
1031 426 1117 450 eum
1138 412 1320 449 nuntium

138 492 161 515 a
188 479 382 527 proposito
409 491 578 523 aversus,
600 491 714 527 quam
745 482 790 514 ut
817 477 979 515 cadaver
1007 478 1133 514 efferri
1159 477 1318 523 iuberet,

139 547 274 579 tenens
304 546 452 591 postem
486 542 743 591 preca-tionem
782 543 931 591 peragit
967 547 1007 578 et
1043 542 1193 578 dedicat
1229 545 1322 577 tem—

139 606 256 656 plum.

219 671 315 706 Haec
353 674 440 719 post
476 674 632 706 exactos
671 683 776 719 reges
814 671 916 707 domi
955 670 1179 718 militia-que
1215 672 1354 717 gesta9

138 734 261 783 primo
299 747 412 770 anno.
470 734 567 770 Inde
597 734 638 770 P.
674 734 856 771 Valerius
884 734 1036 780 iterum,
1103 762 1170 786 w1u-
1183 761 1244 785 with
1259 761 1322 785 Por-

138 799 178 836 T.
220 799 424 836 Lueretius
461 799 635 835 eonsules
667 799 770 836 faeti.
829 799 913 835 Iam
951 799 1039 835 Tar·
1071 792 1322 849 ζῑξῗὶῇωξυζνζῗξ
1341 797 1362 833 9

137 863 261 912 quinii
274 863 320 899 ad
338 863 493 899 Lartem
512 863 750 908 Porsinnam,
767 864 968 901 Clusinum
986 877 1038 899 re·
1071 854 1127 878 ⁰³⁰⁵
1139 853 1192 877 ‘²¹¹⁰
1204 853 1305 877 ‘³¹⁰³¹¹¹²

137 939 234 975 gem,
257 927 513 976 perfugerant.
578 928 640 963 Ibi
668 928 860 964 miscendo
887 928 1088 964 consilium
1119 940 1322 976 precesque

138 1005 241 1029 nune
256 992 428 1037 orabant,
447 1006 493 1029 ne
509 1005 558 1038 se,
576 993 759 1029 oriundos
779 1007 825 1029 ex
850 993 1031 1039 Etruscis,
1047 992 1216 1037 eiusdem
1240 1004 1322 1027 san-

138 1057 266 1112 guinis
296 1057 548 1111 nominisflue²
581 1063 737 1107 egentes
769 1057 946 1094 exsulare
976 1061 1184 1106 pateretur,
1220 1068 1322 1092 nune
1341 1076 1355 1092 2

138 1123 347 1159 monebant
379 1122 508 1167 etiam,
542 1135 591 1158 ne
623 1122 810 1159 orientem
843 1136 986 1159 morem
1021 1122 1187 1171 pellendi
1216 1134 1322 1171 reges

137 1186 306 1223 inultum
335 1187 488 1223 sineret.
547 1187 650 1223 Satis
678 1187 897 1223 libertatem
922 1186 1044 1235 ipsam
1068 1186 1208 1222 habere
1236 1185 1320 1222 dul-

137 1250 293 1288 cedinis.
351 1251 450 1295 Nisi,
472 1255 619 1300 quanta
637 1251 676 1287 vi
697 1251 876 1288 civitates
895 1264 978 1288 eam
999 1255 1194 1299 expetant,
1212 1254 1322 1286 tanta
1340 1268 1355 1290 3

137 1327 253 1366 regna
280 1328 387 1364 reges
414 1315 634 1362 defendant,
664 1315 808 1364 aequari
837 1329 987 1352 summa
1015 1315 1181 1362 infimis,
1224 1315 1321 1351 nihil

137 1380 340 1425 excelsum,
368 1380 477 1427 nihil,
499 1380 602 1430 quod
626 1393 743 1429 supra
766 1385 893 1417 cetera
916 1380 1093 1424 emineat,
1124 1380 1164 1415 in
1189 1379 1320 1416 civita-

139 1444 242 1481 tibus
267 1445 372 1491 f01·e;
398 1443 1322 1498 ’Ψω-

138 1509 625 1563 Qmssehemima.
676 1509 876 1555 Porsinna,
917 1521 1038 1557 quum
1075 1521 1203 1557 regem
1241 1522 1321 1544 esse
1339 1527 1354 1550 ⁴

138 1574 281 1619 Romae,
317 1578 401 1610 tum
439 1573 612 1610 Etruscae
648 1573 775 1621 gentis
811 1585 950 1621 regem,
984 1573 1154 1621 amplum
1189 1572 1323 1609 Tuscis

138 1641 261 1685 ratus,
290 1637 454 1674 Romam
483 1637 623 1673 infesto
651 1636 824 1673 exercitu
853 1636 970 1673 venit.
1030 1635 1120 1673 Non
1150 1649 1319 1685 unquam
1342 1655 1355 1678 5

137 1702 231 1739 alias
255 1706 346 1738 ante
370 1705 504 1738 tantus
528 1706 654 1737 terror
677 1705 852 1737 senatum
880 1700 1025 1736 invasit
1038 1714 1048 1747 ;
1075 1701 1169 1737 adeo
1194 1701 1322 1737 valida

138 1779 198 1804 res
226 1771 311 1803 tum
341 1765 500 1803 Clusina
527 1770 610 1802 erat
637 1778 896 1814 magnumque
935 1764 1134 1801 Porsinnae
1167 1778 1315 1802 nomen.

139 1830 223 1868 Nec
245 1830 373 1867 hostes
397 1829 510 1866 modo
534 1829 736 1876 timebant,
763 1829 829 1866 sed
853 1833 1022 1865 suosmet
1045 1829 1119 1877 ipsi
1139 1829 1253 1874 cives,
1273 1841 1321 1865 ne

139 1895 317 1932 Romana
341 1894 448 1943 plebs
473 1898 580 1930 metu
605 1893 790 1943 perculsa,
812 1893 975 1942 receptis
1000 1893 1039 1929 in
1067 1894 1198 1929 urbem
1226 1893 1319 1942 regi-

138 1959 222 2005 bus,
242 1958 303 1995 vel
323 1971 411 1996 cum
430 1958 619 1995 servitute
637 1971 769 2007 pacem
789 1957 986 2007 acciperet.
1053 1957 1183 1994 Multa
1201 1957 1322 2007 igitur
1341 1974 1356 1998 ⁶

139 2023 405 2061 blandimenta
422 2022 526 2072 plebi
544 2035 612 2071 per
631 2022 671 2059 id
690 2027 842 2071 tempus
860 2023 909 2059 ab
928 2026 1065 2059 senatu
1083 2022 1182 2059 data.
1240 2022 1321 2058 An-

139 2100 249 2125 nonae
274 2087 315 2124 in
345 2086 479 2136 primis
508 2086 643 2123 habita
671 2099 774 2134 cura,
806 2091 846 2123 et
873 2086 921 2123 ad
954 2087 1191 2123 frumentum
1223 2099 1320 2123 com-

139 2151 355 2202 parandum
384 2151 491 2188 missi
528 2151 596 2188 alii
632 2151 672 2188 in
701 2151 872 2197 Volscos,
907 2151 974 2188 alii
1012 2151 1163 2188 Cumas.
1221 2151 1321 2188 Salis

140 2229 291 2266 quoque
310 2215 502 2253 vendendi
525 2215 743 2262 arbitrium,
764 2216 856 2264 quia
881 2216 1056 2265 impenso
1075 2216 1199 2265 pretio
1218 2215 1320 2252 veni-
