1438 2466
60 175 163 202 mu.
186 161 280 215 459]
502 160 673 199 LIBER
711 160 793 197 m.
1163 159 1235 196 109

57 259 203 297 bellum
221 258 358 308 ingens
376 272 398 294 a
419 257 573 293 Volscis
599 262 639 292 et
664 255 807 304 AEquis
834 254 967 291 Latini
992 258 1110 303 atque
1139 254 1238 291 Her-

58 323 136 361 nici
166 323 420 360 nuntiabant:
458 321 533 357 iam
565 320 684 357 Antii
716 319 948 356 Volscorum
998 349 1067 373 Wm·
1076 349 1137 373 with
1147 349 1239 374 Volsci

58 388 227 438 legiones
241 399 332 424 esse.
389 386 442 422 Et
461 385 585 434 ipsam
604 383 794 421 coloniam
812 383 950 432 ingens
976 379 1240 435 ffi‘geffi‘fflffilffiff

59 457 185 490 metus
203 456 287 489 erat
305 450 559 496 defecturam3
578 462 752 498 aegreque
771 449 951 498 impetra-
978 440 1239 509 fflefffflgffissssffl

58 521 144 554 tum
162 530 186 554 a
207 516 385 562 tribunis,
407 520 453 552 ut
480 514 625 551 bellum
653 515 834 564 praeverti
856 514 952 551 sine·
980 501 1049 526 tium
1060 502 1094 532 by
1108 501 1214 532 babius,

59 584 157 618 rent.
206 579 392 617 Consules
410 579 499 615 inde
518 578 655 627 partiti
682 578 923 627 provincias:
957 578 1088 625 Fabio,
1120 583 1165 615 ut
1192 578 1241 615 le·
1258 597 1272 619 3

59 645 192 695 giones
206 644 374 681 Antium
389 643 556 690 duceret,
571 643 717 688 datum,
736 641 926 689 Cornelio,
943 648 989 680 ut
1004 644 1138 681 Romae
1150 657 1240 694 prae-

39 736 43 740 -
59 711 157 748 sidio
186 714 296 753 esset,
315 721 364 745 ne
384 721 462 757 qua
480 720 570 757 pars
589 707 771 753 hostium,
793 708 860 757 qui
880 708 1025 757 AEquis
1044 722 1126 746 mos
1145 714 1238 756 erat,

60 774 109 812 ad
124 773 387 824 populandum
403 773 564 809 veniret.
605 772 771 809 Hernici
785 777 824 809 et
841 772 975 810 Latini
988 774 1083 811 iussi
1098 773 1242 811 milites
1259 792 1273 814 4

61 837 153 874 dare
175 850 223 874 ex
249 836 402 881 foedere,
423 836 586 884 duaeque
611 840 740 884 partes
767 835 956 873 sociorum
985 837 1027 873 in
1055 838 1240 885 exercitu,

61 902 180 939 tertia
208 901 350 938 civium
381 900 469 938 fuit.
527 899 741 948 Postquam
770 901 818 937 ad
849 901 951 938 diem
980 903 1241 951 praestitutum

62 969 254 1003 venerunt
280 965 384 1011 socii,
414 963 545 1001 consul
573 968 686 1000 extra
712 968 865 1013 portam
895 964 1089 1014 Capenam
1118 970 1243 1002 castra

62 1030 173 1067 locat.
223 1029 332 1075 Inde,
349 1028 513 1064 lustrato
532 1027 716 1074 exercitu,
738 1028 907 1065 Antium
927 1029 1120 1078 profectus
1139 1029 1242 1066 haud

63 1093 193 1143 procul
209 1092 349 1142 oppido
364 1092 594 1141 stativisque
609 1091 779 1128 hostium
793 1093 976 1129 consedit.
1028 1093 1111 1130 Ubi
1123 1106 1243 1142 quum
1262 1112 1276 1136 ς

64 1157 208 1203 Volsci,
243 1157 334 1205 quia
366 1156 538 1193 nondum
575 1157 623 1192 ab
657 1155 800 1205 AEquis
832 1157 1004 1193 venisset
1039 1157 1242 1204 exercitus,

64 1220 246 1258 dimicare
265 1233 344 1257 non
369 1220 483 1265 aussi,
504 1220 823 1268 quemadmodum
853 1221 975 1269 quieti
995 1221 1098 1257 vallo
1123 1234 1162 1258 se
1187 1226 1245 1258 tu-

65 1288 252 1330 tarentur,
273 1288 464 1333 pararent,
486 1288 638 1333 postero
658 1284 721 1321 die
740 1283 883 1321 Fabius
908 1298 985 1321 non
1012 1286 1242 1334 permixtam

65 1361 182 1385 unam
210 1349 399 1385 sociorum
427 1347 658 1396 civiumque,
680 1347 745 1384 sed
770 1347 888 1384 trium
914 1348 1144 1397 populorum
1167 1353 1246 1386 tres

66 1412 272 1462 separatim
297 1412 398 1448 acies
425 1412 525 1448 circa
551 1412 697 1448 vallum
723 1411 893 1448 hostium
918 1412 1107 1449 instruxit
1121 1426 1130 1459 ς
1159 1414 1240 1463 ipse
1263 1424 1279 1449 6

66 1480 151 1513 erat
174 1476 322 1512 medius
347 1489 433 1512 cum
465 1476 680 1524 legionibus
711 1476 907 1514 Romanis.
966 1477 1064 1513 Inde
1094 1477 1246 1527 signum

66 1540 259 1576 observari
279 1540 402 1586 iussit,
423 1544 469 1576 ut
491 1540 636 1588 pariter
662 1544 702 1576 et
727 1540 819 1576 socii
844 1553 926 1576 rem
952 1540 1166 1590 inciperent
1194 1555 1247 1579 re-

67 1604 285 1653 ferrentque
304 1604 452 1653 pedem,
473 1604 505 1640 si
524 1605 695 1653 receptui
714 1605 922 1641 cecinisset.
971 1604 1135 1654 Equites
1153 1606 1247 1642 item
1265 1623 1280 1647 7

67 1681 144 1705 suae
163 1669 301 1717 cuique
321 1668 422 1716 parti
441 1673 528 1717 post
546 1669 737 1717 principia
756 1668 926 1705 collocat.
975 1669 1041 1706 Ita
1054 1670 1247 1707 trifariam

67 1732 224 1768 adortus
243 1735 369 1768 castra
384 1731 638 1768 circumvenit
657 1737 706 1777 et,
728 1745 848 1781 quum
874 1732 1046 1782 undique
1070 1734 1245 1780 instaret,

69 1808 145 1831 non
191 1795 426 1832 sustinentes
472 1796 659 1845 impetum
697 1796 858 1834 Volscos
903 1797 1007 1834 vallo
1052 1798 1243 1836 deturbat.

67 1859 340 1909 Transgressus
368 1859 459 1896 inde
489 1861 725 1897 munitiones
756 1861 933 1910 pavidam
961 1862 1115 1898 turbam
1143 1862 1248 1899 incli-

69 1929 275 1974 natamque
294 1925 336 1960 in
349 1929 499 1974 partem
516 1938 632 1961 unam
647 1925 782 1961 castris
797 1925 967 1974 expellit.
1017 1926 1115 1962 Inde
1131 1927 1248 1963 effuse
1266 1935 1281 1958 8

68 1989 259 2038 fugientes
278 2001 403 2038 equeS,
420 1989 481 2025 cui
501 2002 681 2038 superare
699 1989 847 2025 vallum
866 1989 969 2026 haud
986 1990 1095 2027 facile
1109 1991 1246 2037 fuerat,

68 2064 187 2101 quum
207 2051 256 2088 ad
275 2052 315 2088 id
340 2057 532 2101 spectator
559 2065 697 2102 pugnae
727 2052 949 2097 adstitisset,
970 2053 1089 2090 libero
1117 2067 1249 2104 campo

69 2116 232 2166 adeptus
252 2121 360 2166 parte
381 2117 550 2153 victoriae
569 2117 715 2154 fruitur
731 2118 888 2154 territos
907 2118 1092 2155 caedendo.
1142 2119 1248 2169 Mag·
1265 2138 1280 2163 9

69 2193 121 2216 na
140 2184 181 2216 et
198 2180 239 2216 in
258 2180 393 2216 castris
420 2185 460 2216 et
483 2185 595 2217 extra
613 2181 856 2218 munimenta
873 2182 993 2219 caedes
1018 2182 1245 2232 fugientium

68 2244 157 2290 fuit,
186 2244 253 2281 sed
283 2244 409 2293 praeda
440 2245 572 2289 maior,
604 2246 697 2294 quia
725 2246 793 2282 vix
822 2259 929 2282 arma
957 2259 1082 2282 secum
1115 2247 1248 2284 efferre
