1438 2466
151 110 200 148 98
667 108 820 147 LIVII
965 107 1094 160 [A.U.c.
1121 121 1327 158 293—294

152 211 286 245 contra
310 207 391 243 vim
416 207 614 244 resistunt.
671 207 714 243 T.
742 206 950 251 Quinctius
976 206 1162 252 clamitat,
1183 206 1247 243 cui
1273 207 1329 244 rei

153 272 329 321 capitalis
355 272 437 308 dies
465 271 568 308 dicta
596 271 647 307 sit
666 275 707 307 et
734 271 781 308 de
807 284 883 320 quo
907 271 1084 307 futurum
1110 271 1331 320 propediem

153 339 350 384 iudicium,
373 351 461 374 eum
487 338 756 375 indemnatum
783 339 930 374 indicta
951 351 1066 374 eausa
1090 351 1168 374 non
1193 339 1331 377 debere

124 417 138 441 5
155 403 302 439 violari.
360 402 555 438 Tribunus
592 401 824 451 supplicium
860 405 978 450 negat
1014 405 1260 450 sumpturum
1292 415 1332 439 se

156 468 203 504 de
222 467 471 513 indemnat03
501 471 748 502 servaturum
768 470 898 502 tamen
923 466 965 502 in
990 466 1157 502 vinculis
1175 478 1256 503 esse
1284 467 1332 502 ad

156 528 291 565 iudicii
318 527 431 572 diem,
467 531 520 574 ut,
553 528 619 575 qui
642 527 838 563 hominem
861 526 1069 573 necaverit,
1100 526 1147 562 de
1172 539 1217 564 eo
1249 539 1334 576 sup-

124 600 140 624 6
158 592 264 640 plieii
290 591 468 627 sumendi
492 591 601 639 copia
626 591 767 639 populo
797 590 974 627 Romano
997 590 1075 627 fiat.
1134 590 1335 639 Appellati

158 657 308 693 tribuni
341 656 468 692 medio
494 656 646 692 decreto
679 656 740 691 ius
770 655 908 691 auxilii
941 654 1001 691 sui
1030 654 1266 704 expediunt:
1295 655 1335 690 in

158 722 315 758 vincula
352 721 490 758 coniici
528 725 664 757 vetant
678 734 688 767 3
717 721 801 757 sisti
835 733 944 756 reum
977 719 1266 768 pecuniamque,
1295 720 1337 755 ni

127 803 141 826 7
159 785 331 830 sistatur,
353 784 494 833 populo
515 784 700 833 promitti,
732 783 879 831 placere
904 782 1171 830 pronuntiant.
1230 781 1338 818 Sum-

159 863 260 886 mam
281 849 452 898 pecuniae
465 852 652 897 quantam
672 860 823 896 aequum
840 850 939 883 esset
954 846 1141 894 promitti,
1156 846 1339 882 veniebat

159 914 199 949 in
224 913 414 958 dubium3
440 912 481 948 id
510 912 557 948 ad
584 915 759 947 senatum
788 910 959 946 reiicitur
973 923 984 956 3
1013 922 1113 956 reus,
1135 909 1228 945 dum
1254 921 1339 946 con-

127 991 142 1014 8
161 978 382 1014 sulerentur
400 982 541 1026 patres,
563 980 738 1013 retentus
757 975 799 1011 in
819 975 972 1024 publico
992 979 1059 1010 est.
1105 974 1236 1010 Vades
1256 974 1338 1010 dari

162 1044 326 1093 placuit;
367 1056 489 1079 unum
527 1042 665 1078 vadem
701 1041 827 1077 tribus
865 1040 1037 1076 millibus
1073 1039 1159 1075 aeris
1196 1038 1338 1087 obliga-

162 1112 304 1145 verunt
311 1121 320 1154 3
350 1111 445 1156 quot
464 1107 659 1151 darentur,
684 1105 915 1154 permissum
940 1104 1109 1140 tribunis
1134 1107 1202 1141 est.
1263 1103 1336 1140 De-

162 1185 243 1209 cem
262 1171 466 1216 finierunt3
496 1174 555 1206 tot
574 1170 737 1206 vadibus
752 1173 950 1206 accusator
964 1168 1129 1215 vadatus
1143 1172 1201 1204 est
1220 1180 1338 1204 reum.

164 1235 243 1272 Hic
281 1235 430 1284 primus
467 1234 585 1271 vades
621 1234 776 1283 publico
813 1233 930 1270 dedit.
990 1232 1184 1269 Dimissus
1209 1245 1230 1269 e
1260 1232 1342 1269 foro

130 1318 145 1342 9
162 1306 275 1339 nocte
305 1302 482 1351 proxima
510 1300 552 1336 in
582 1300 724 1337 Tuscos
751 1300 795 1336 in
825 1299 1004 1335 exsilium
1037 1298 1144 1335 abiit.
1201 1297 1342 1334 Iudicii

164 1366 226 1403 die
264 1379 383 1415 quum
422 1369 672 1401 excusaretur
710 1365 835 1401 solum
865 1363 1028 1400 vertisse
1058 1362 1185 1399 exsilii
1217 1375 1340 1407 causa,

165 1431 288 1467 nihilo
308 1430 436 1466 minus
456 1429 645 1478 Verginio
664 1429 821 1466 comitia
842 1428 1021 1474 habente,
1044 1428 1195 1476 collegae
1218 1428 1344 1477 appel-

120 1514 149 1530 ιο
165 1494 235 1530 lati
280 1493 460 1530 dimisere
498 1492 715 1530 concilium.
788 1491 958 1528 Pecunia
995 1504 1017 1528 a
1060 1496 1169 1540 patre
1208 1495 1344 1528 exacta

166 1556 384 1602 crudeliter,
419 1561 475 1601 ut,
507 1555 718 1593 divenditis
746 1555 925 1591 omnibus
954 1554 1074 1599 bonis,
1107 1554 1341 1603 aliquamdiu

166 1626 275 1658 trans
303 1621 473 1657 Tiberim
496 1620 619 1656 veluti
643 1620 836 1669 relegatus
862 1619 974 1657 devio
999 1619 1164 1668 quodam
1190 1619 1346 1667 tugurio

167 1686 327 1722 viveret.

103 1757 151 1793 14
251 1749 338 1785 Hoc
353 1747 539 1784 iudicium
552 1752 591 1784 et
606 1747 851 1796 promulgata
862 1746 926 1782 lex
939 1746 1114 1781 exercuit
1128 1745 1327 1782 civitatem
1336 1759 1346 1793 3

137 1837 150 1852 2
200 1842 345 1872 organisod
362 1842 452 1866 reslst-
488 1810 536 1846 ab
566 1811 738 1847 externis
766 1810 884 1846 armis
916 1809 1037 1845 otium
1072 1808 1158 1845 fuit.
1218 1809 1346 1854 Quum

169 1873 462 1940 Qoe-,tgufflffirss'ffis
495 1874 601 1911 velut
615 1875 739 1911 victol
741 1887 780 1911 es
795 1874 953 1918 tlibuni‚
971 1873 1155 1922 perculsis
1174 1873 1348 1922 patlibus

171 1934 455 2001 ssffiffiff'gefflffiuss
491 1939 659 1976 Caesonis
696 1939 844 1984 exsilio,
884 1951 1000 1987 prope
1038 1938 1225 1987 perlatam
1266 1950 1347 1974 esse

172 1995 455 2066 ἶἜωῑἪιωοεξξἻξὲξ
490 2004 689 2041 crederent
718 2004 850 2053 legem,
884 2007 933 2049 et,
964 2003 1066 2052 quod
1096 2002 1144 2039 ad
1182 2003 1348 2040 seniores

172 2065 214 2087 ’Ἣ
226 2060 343 2088 coeptum
353 2058 440 2082 ὤεα
491 2074 645 2119 patrum
660 2069 882 2118 pertineret,
897 2068 1099 2106 cessissent
1114 2067 1348 2117 possessione

142 2162 156 2184 3
173 2135 228 2172 rei
252 2135 424 2183 publicae,
446 2135 627 2181 iuniores,
651 2135 691 2171 id
717 2134 894 2179 maxime,
923 2133 1024 2182 quod
1051 2132 1218 2170 Oaesonis
1243 2133 1348 2170 soda-

175 2199 269 2236 lium
308 2198 396 2245 fuit,
435 2212 577 2235 auxere
614 2199 692 2235 iras
729 2199 770 2234 in
808 2198 968 2247 plebem,
1008 2209 1085 2233 non
1123 2196 1348 2235 minuerunt
