1438 2466
157 139 207 177 38
675 139 737 176 LI
742 139 798 177 VI
800 140 822 175 l
1105 137 1236 190 [A.U.c.
1260 141 1334 177 260

156 237 394 275 deditionem
415 242 617 275 venerunt.
676 238 783 275 Dum
801 238 882 275 haec
901 238 942 274 in
963 237 1117 275 Volscis
1135 242 1335 287 geruntur,

157 302 324 338 dictator
370 302 544 349 Sabinos,
583 303 652 339 ubi
688 303 801 351 longe
829 303 1041 352 plurimum
1067 302 1160 340 belli
1191 302 1334 350 fuerat,

125 383 141 400 2
157 365 293 403 fundit
319 366 506 415 fugatque
534 366 720 415 exuitque
748 367 893 404 castris.
951 367 1144 417 Equitatu
1166 367 1338 404 immisso

159 431 326 467 mediam
345 432 573 468 turbaverat
591 431 764 468 hostium
782 431 914 477 aciem,
936 444 1064 481 quam,
1085 431 1179 468 dum
1203 444 1244 468 se
1262 444 1339 468 eor-

159 508 237 532 nua
261 495 380 532 latius
410 495 597 544 pandunt,
618 507 755 544 parum
784 499 874 544 apte
900 495 1114 532 introrsum
1139 495 1340 532 ordinibus

160 559 409 595 firmaverant
416 572 425 605 3
454 559 632 595 turbatos
660 558 775 607 pedes
802 558 960 596 invasit.
1017 559 1164 596 Eodem
1189 559 1341 608 impetu

127 645 142 669 3
160 627 285 660 castra
320 626 432 672 capta
468 622 781 671 debellatumque
818 627 887 660 est.
953 622 1048 659 Post
1084 635 1253 672 pugnam
1291 623 1341 658 ad

161 687 358 737 Regillum
395 687 522 724 lacum
558 699 637 723 non
670 686 748 723 alia
774 686 851 722 illis
879 687 992 722 annis
1039 699 1170 736 pugna
1202 687 1341 723 clarior

160 753 246 789 fuit.
305 752 487 788 Dictator
512 751 757 800 triumphans
786 752 921 788 urbem
950 752 1158 788 invehitur.
1218 751 1343 801 Super

161 816 295 853 solitos
318 816 483 853 honores
507 815 613 852 locus
634 815 677 851 in
697 815 798 852 circo
816 815 892 864 ipsi
910 817 1153 864 posterisque
1172 815 1221 852 ad
1240 828 1342 864 spec-

129 895 144 918 4
161 881 334 918 taculum
363 880 502 926 datus;
528 879 622 916 sella
649 879 692 914 in
719 891 764 915 eo
788 879 870 915 loco
893 879 1038 915 curulis
1056 879 1192 928 posita.
1250 878 1344 914 Vol-

162 946 235 982 scis
280 945 444 982 devietis
481 944 711 981 Veliternus
757 956 848 992 ager
893 944 1098 993 ademptus
1111 957 1121 990 3
1167 943 1344 980 Velitras

164 1009 289 1046 coloni
307 1009 356 1045 ab
375 1009 472 1045 urbe
490 1008 599 1045 missi
618 1012 657 1044 et
676 1008 827 1044 colonia
846 1008 1021 1045 deducta.
1081 1007 1179 1044 Cum
1200 1007 1344 1057 AEqujs

164 1077 252 1123 post
279 1073 478 1122 aliquanto
506 1075 721 1121 pugnatum
750 1075 818 1117 est,
839 1071 966 1108 invito
994 1072 1151 1121 quidem
1177 1072 1343 1117 consule,

131 1157 146 1180 5
165 1138 256 1187 quia
292 1138 375 1174 loeo
412 1137 546 1186 iniquo
582 1136 828 1173 subeundum
865 1141 949 1173 erat
985 1137 1035 1173 ad
1080 1137 1233 1183 hostes,
1279 1137 1345 1174 sed

164 1203 308 1240 milites
337 1202 491 1239 extrahi
519 1215 601 1238 rem
629 1202 890 1249 criminantes,
930 1207 976 1238 ut
1008 1203 1185 1249 dictator,
1224 1203 1347 1252 prius-

165 1280 282 1316 quam
307 1266 384 1316 ipsi
402 1266 575 1302 redirent
595 1266 637 1302 in
659 1267 802 1313 urbem,
824 1267 1056 1316 magistratu
1076 1267 1201 1304 abiret
1220 1267 1347 1304 irrita-

166 1344 251 1381 que,
291 1331 392 1367 sicut
437 1335 529 1367 ante
575 1330 754 1377 consulis,
794 1331 982 1380 promissa
1027 1331 1110 1368 eius
1153 1332 1346 1378 caderent,

166 1395 379 1445 perpulere,
400 1400 446 1431 ut
474 1394 575 1431 forte
599 1399 745 1432 temere
773 1395 815 1431 in
840 1395 1020 1432 adversos
1039 1401 1190 1432 montes
1209 1408 1347 1445 agmen

135 1471 151 1496 6
168 1460 341 1509 erigeret.
401 1459 451 1496 Id
487 1460 587 1496 male
625 1459 872 1496 commissum
910 1459 1067 1508 ignavia
1103 1459 1274 1496 hostium
1306 1460 1348 1497 in

170 1526 316 1561 bonum
361 1524 492 1570 vertit,
540 1524 620 1573 qui,
667 1523 894 1572 priusquam
939 1523 988 1559 ad
1025 1523 1242 1560 coniectum
1278 1524 1349 1561 teli

169 1591 380 1634 veniretur,
409 1588 668 1638 obstupefacti
695 1588 858 1624 audacia
889 1588 1167 1635 Romanorum,
1202 1590 1350 1628 relictis

169 1654 316 1700 eastris,
347 1667 431 1703 quae
459 1652 732 1689 munitissimis
759 1656 968 1689 tenuerant
995 1653 1100 1699 loeis,
1127 1653 1169 1689 in
1196 1666 1351 1691 aversas

171 1719 290 1755 valles
308 1718 505 1755 desiluere.
557 1716 621 1753 Ibi
639 1716 733 1753 satis
752 1716 888 1765 praedae
907 1721 948 1753 et
962 1716 1126 1753 victoria
1144 1717 1351 1755 incruenta

170 1783 257 1820 fuit.

139 1867 154 1892 7
251 1847 316 1884 Ita
341 1845 533 1883 trifariam
554 1858 595 1882 re
614 1845 715 1882 bello
733 1845 832 1882 bene
850 1850 966 1895 gesta,
989 1845 1036 1882 de
1055 1846 1351 1884 domesticarum

202 1942 360 1968 Ineffectunl
388 1943 426 1966 at·
457 1925 586 1949 rerum
623 1916 766 1949 eventu
802 1925 873 1949 nee
911 1912 1087 1960 patribus
1138 1926 1207 1950 uec
1250 1913 1352 1962 plebi

173 1976 283 2029 {ffipttso
299 1974 428 2034 Οιξῐέὲᾞξθ
459 1988 551 2012 eura
599 1975 835 2013 decesserat:
888 1979 999 2011 tanta
1045 1988 1164 2024 quum
1215 1977 1352 2025 gratia,

174 2036 429 2090 {gilffignen‘toorptr'z
461 2046 544 2076 tum
565 2045 647 2077 arte
668 2045 979 2089 praeparaverant
1002 2039 1246 2087 feneratores,
1268 2053 1354 2090 quae

177 2097 261 2121 ¹'¹⁰b³'
459 2119 537 2142 non
559 2106 671 2142 modo
692 2107 852 2155 plebem,
869 2105 934 2142 sed
955 2106 1079 2154 ipsum
1102 2107 1217 2142 ctiam
1238 2107 1355 2143 dicta-

141 2183 156 2208 8
177 2176 298 2207 torem
324 2169 618 2207 frustrarentur.
678 2171 858 2219 Namque
880 2170 1061 2206 Valerius
1085 2175 1172 2219 post
1199 2170 1356 2208 Vetusii

176 2236 341 2273 consulis
367 2235 534 2272 reditum
559 2236 730 2272 omnium
754 2235 948 2272 actionum
976 2235 1016 2271 in
1035 2240 1173 2272 senatu
1192 2236 1355 2284 primam
