1438 2466
127 181 176 218 90
643 180 791 218 LIVII
940 179 1069 232 [A.U.c.
1095 194 1299 231 291—292

125 290 241 327 quam
267 283 412 328 quanta
438 279 540 316 ferro
565 279 754 316 sociorum
780 279 886 316 facta
911 284 1002 318 erat.
1061 279 1215 327 Consul,
1237 280 1304 328 qui

126 355 227 379 unus
263 348 474 392 supererat,
504 343 670 380 moritur
679 355 689 389 ς
727 344 872 380 mortui
905 349 944 381 et
981 343 1049 380 alii
1085 343 1179 380 clari
1215 344 1302 390 viri,

127 405 182 442 M.
205 406 400 453 Valerius,
421 407 462 443 T.
488 406 700 456 Verginius
725 407 886 444 Rutilus
913 420 1086 457 augures,
1114 407 1192 445 Ser.
1219 408 1304 444 Sul-

90 487 105 510 7
126 471 249 520 picius
273 471 378 507 curio
404 471 607 516 maximus,
630 477 669 507 et
687 484 756 520 per
774 471 907 520 ignota
925 471 1052 520 capita
1071 471 1148 507 late
1166 476 1307 520 vagata

127 540 185 572 est
213 535 272 571 vis
295 535 430 573 morbi.
489 535 684 585 Inopsque
712 540 870 572 senatus
898 535 1037 571 auxilii
1065 534 1226 571 humani
1259 534 1307 571 ad

126 601 216 637 deos
235 600 421 649 populum
440 612 484 636 ac
503 604 595 636 vota
614 600 734 636 vertit
748 613 760 646 3
788 600 884 637 iussi
909 613 995 637 cum
1015 599 1243 649 coniugibus
1262 612 1306 635 ac

125 661 256 698 liberis
302 661 559 710 supplicatum
601 661 658 697 ire
694 673 903 710 pacemque
940 673 1142 710 exposcere
1180 660 1305 698 deum.

92 734 107 759 8
126 726 192 762 Ad
212 725 263 771 id,
294 726 396 775 quod
423 738 492 762 sua
515 738 705 775 quemque
732 726 834 762 mala
861 726 1056 775 cogebant,
1078 726 1309 762 auctoritate

125 790 280 840 publica
299 790 448 827 evocati
467 790 597 827 omnia
611 789 772 826 delubra
790 790 963 839 implent.
1006 789 1145 826 Stratae
1165 790 1308 839 passim

127 861 281 902 matres,
303 854 474 891 crinibus
502 855 647 903 templa
667 859 874 901 verrentes,
897 855 1051 891 veniam
1071 855 1218 892 irarum
1237 867 1305 891 cae-

126 918 283 956 lestium
301 919 493 968 finemque
513 919 613 968 pesti
634 923 856 968 exposcunt.

84 986 108 1023 8
207 984 305 1021 Inde
333 983 533 1033 paulatim,
555 996 622 1020 seu
650 996 741 1032 pace
766 983 880 1020 deum
907 983 1117 1032 impetrata
1142 996 1209 1020 seu
1228 996 1311 1033 gra-

445 1047 550 1084 viore
569 1051 743 1097 tempore
768 1048 861 1084 anni
881 1048 958 1084 iam
988 1048 1229 1094 circumacto,
1251 1049 1311 1085 de-

127 1095 413 1156 lsissffinsxi'cfcelgsesssitiil
444 1111 579 1148 functa
616 1112 760 1149 morbis
791 1125 951 1161 corpora
980 1112 1194 1149 salubriora
1230 1126 1312 1149 esse

127 1158 215 1187 gainst
240 1157 286 1181 the
308 1163 411 1186 enemy,
447 1177 454 1184 ,
512 1177 519 1184 .
742 1178 749 1185 .
927 1177 934 1184 .
982 1178 989 1185 .
1038 1178 1046 1185 .

95 1195 109 1210 2
129 1187 270 1218 especially
326 1187 413 1211 under
444 1190 625 1226 InClpere,
651 1190 848 1227 veI'Slsque
872 1190 1013 1214 anlmlS
1035 1190 1113 1214 lam
1141 1177 1191 1214 ad
1218 1178 1313 1227 pub-

128 1218 348 1284 ffigzegghxgigg
359 1219 414 1288 ,31¹3
447 1242 560 1278 licam
589 1255 732 1288 curam,
758 1255 880 1292 quum
913 1242 1063 1292 aliquot
1089 1242 1312 1292 interregna

128 1280 256 1304 Volscxan
268 1286 354 1303 name.

445 1308 628 1354 exissent,
660 1307 702 1346 P.
740 1307 923 1344 Valerius
961 1307 1163 1344 Publicola
1196 1307 1314 1344 tertio

130 1370 202 1416 die,
243 1383 358 1419 quam
405 1371 671 1420 interregnum
717 1371 870 1417 inierat,
912 1371 1085 1408 consules
1125 1376 1231 1408 creat
1268 1371 1310 1409 L.

130 1435 355 1473 Lucretium
386 1437 661 1486 Tricipitinum
699 1442 738 1473 et
774 1437 815 1474 T.
849 1437 1061 1473 Veturium
1091 1436 1311 1483 Geminum,

97 1514 110 1537 3
129 1499 209 1536 sive
246 1499 312 1536 ille
353 1500 543 1537 Vetusius
580 1501 666 1537 fnit.
737 1501 846 1537 Ante
890 1501 992 1537 diem
1029 1501 1190 1537 tertium
1226 1501 1316 1538 idus

130 1564 298 1601 Sextiles
327 1565 569 1601 consulatum
598 1565 746 1611 ineunt,
768 1566 845 1602 iam
875 1567 969 1602 satis
990 1565 1117 1601 valida
1142 1565 1313 1611 civitate,

131 1633 177 1665 ut
199 1641 277 1664 non
307 1628 430 1665 solum
460 1643 588 1666 arcere
615 1629 772 1676 bellum,
802 1629 868 1666 sed
896 1630 1000 1666 ultro
1028 1630 1145 1666 etiam
1173 1629 1316 1665 inferre

98 1714 112 1736 4
131 1697 267 1742 posset.
328 1693 459 1743 Igitur
495 1694 770 1730 nuntiantibus
799 1693 993 1738 Hernicis
1024 1694 1066 1729 in
1104 1693 1200 1730 fines
1227 1705 1316 1729 suos

132 1758 411 1794 transcendisse
452 1758 590 1803 hostes,
629 1758 792 1807 impigre
836 1758 1066 1807 promissum
1111 1757 1310 1794 auxilium.

134 1822 224 1859 Duo
260 1822 478 1859 consulares
515 1822 708 1859 exercitus
741 1823 885 1871 scripti.
950 1822 1141 1859 Veturius
1178 1822 1317 1859 missus

101 1900 114 1924 5
134 1887 174 1923 in
200 1886 363 1923 Volscos
388 1886 437 1923 ad
460 1887 605 1923 bellum
635 1887 739 1923 ultro
768 1886 1036 1931 inferendum;
1064 1886 1318 1936 Tricipitinus

134 1950 450 2000 populationibus
478 1951 652 1987 arcendis
681 1950 870 1986 sociorum
896 1963 986 1999 agro
1011 1951 1210 1999 oppositus
1240 1962 1318 1986 non

101 2017 239 2052 §ultra
271 2029 386 2065 quam
419 2016 459 2052 in
500 2015 693 2052 Hernicos
726 2015 908 2064 procedit.
969 2014 1158 2050 Veturius
1194 2014 1319 2063 primo

136 2080 270 2129 proelio
307 2080 436 2116 hostes
469 2079 600 2116 fundit
634 2079 843 2128 fugatque3
883 2078 1120 2124 Lucretium,
1155 2079 1247 2115 dum
1278 2079 1317 2114 in

140 2144 322 2181 Hernicis
341 2144 458 2189 scdct,
477 2144 698 2193 praedonum
718 2156 856 2192 agmen
876 2143 1016 2179 fefollit
1035 2155 1151 2192 supra
1170 2147 1320 2179 montes

138 2207 395 2244 Praenestinos
423 2208 595 2254 ductum,
621 2207 709 2243 indo
730 2207 937 2243 demissum
959 2207 1000 2242 in
1020 2219 1183 2255 campos.
1224 2206 1320 2242 Vas-

139 2277 270 2308 taverc
304 2285 414 2321 agros
444 2271 727 2308 Praenostinum
761 2271 1059 2320 Gabinulnquc;
1091 2282 1139 2306 ex
1169 2269 1322 2306 Gabino
