1438 2466
140 140 188 174 32
662 139 812 177 LIVII
963 140 1094 192 [A.u.c.
1119 146 1326 191 259—260

69 237 117 273 27
218 236 332 272 Fusis
357 237 568 283 Auruncis,
592 237 717 274 victor
741 242 802 275 tot
824 239 931 275 intra
949 252 1093 288 paucos
1112 240 1194 277 dies
1214 241 1327 277 bellis

138 317 316 372 mpggbesigffi
347 318 392 372 dei
425 303 626 339 Romanus
654 302 842 351 promissa
869 303 1038 340 consulis
1061 304 1252 353 fidemque
1273 317 1327 341 se-

165 355 182 371 3
317 356 378 373 men

137 378 392 438 3111110111ῑὲἳὲυᾶῗὲ
423 371 540 404 natus
559 368 818 416 exspectabat,
837 381 957 417 quum
978 369 1132 417 Appius
1150 373 1191 405 et
1208 369 1329 405 insita

137 440 392 500 ἶὲἕῇήὸῗξπνᾞιίιέ
426 432 606 481 superbia
630 432 770 478 animo,
792 437 832 469 et
856 438 902 469 ut
930 434 1081 482 collcgae
1107 447 1247 470 vanam
1275 434 1329 471 fa-

137 502 202 554 {2¹3
220 501 305 525 about
322 501 394 526 dedi·
427 501 531 533 ceret
559 496 685 543 fidem,
707 509 823 546 quam
852 498 1060 546 asperrime
1084 502 1245 547 poterat,
1267 498 1328 536 ius

191 537 226 555 ou
247 532 276 555 of
295 533 395 562 temple

137 561 322 617 gfecffigffgffy
341 563 396 617 ³¹11?
427 560 474 596 de
493 561 650 597 creditis
669 561 845 609 pecuniis
863 562 998 599 dicere.
1057 562 1250 612 Deinceps
1275 567 1325 609 et,

293 600 360 624 peop
373 602 394 623 ι,

137 623 396 679 ὲζξιῖωῗὲἕῖῑέῖὼξ
427 624 495 673 qui
514 629 606 660 ante
625 625 718 661 nexi
737 625 904 672 fuerant,
927 626 1182 662 creditoribus
1205 627 1314 663 trade

107 699 121 715 2
138 684 236 738 {lssffie
252 685 304 740 Ἐξ
315 685 391 740 ᾱξξίζῑ
423 688 568 724 bantur
600 693 640 725 et
676 690 934 726 nectebantur
970 690 1047 727 alii.
1118 690 1231 735 Quod
1261 690 1328 726 ubi

138 745 391 807 ssiiffiff'minfippifflss
423 753 486 788 cui
513 753 631 789 militi
660 754 860 801 inciderat,
882 754 1066 803 collegam
1095 755 1326 803 appellabat.

138 808 393 868 ἷζζῗῗὲξῂξωδᾷἳέἅ
428 817 648 854 Concursus
693 818 741 854 ad
790 818 998 855 Servilium
1036 819 1176 866 fiebat;
1222 819 1329 854 illius

138 867 198 922 ἓξὲξ
207 868 396 924 Ριξθωξέῐξξ
427 881 616 929 promissa
634 881 834 918 iactabant
849 895 859 928 3
879 882 938 918 illi
955 883 1242 931 exprobrabant
1260 896 1330 919 sua

139 929 267 954 Servilius
301 931 391 955 obser·
480 945 488 951 ·
697 946 703 952 ·
821 947 827 953 .
926 948 932 953 -
1025 948 1031 954 -

139 959 200 994 vjug
226 962 391 1000 au‘populffl-
423 958 587 994 quisque
615 946 707 982 belh
735 952 874 983 merita
902 954 1175 996 cicatricesque
1203 961 1330 996 accep-

139 991 391 1047 ῗξὲἓὲθέπῗὲιῖιῧζ
423 1013 493 1046 taS.
552 1010 824 1057 Postulabant,
853 1016 897 1047 ut
927 1018 995 1047 aut
1021 1013 1182 1048 referret
1205 1013 1253 1048 ad
1277 1025 1330 1048 se-

139 1074 277 1106 natum
305 1077 375 1108 ant
405 1070 480 1125 [ut]
512 1075 660 1112 auxilio
689 1081 789 1112 esset
817 1076 949 1112 consul
974 1076 1124 1113 civibus
1148 1077 1236 1122 suis,
1259 1077 1328 1112 im-

108 1153 121 1176 3
140 1141 296 1184 perator
320 1139 522 1176 militibus.
581 1140 797 1177 Movebant
822 1142 1015 1178 consulein
1045 1142 1135 1188 haec,
1163 1142 1229 1178 sed
1259 1148 1331 1179 ter-

141 1201 329 1250 giversari
366 1217 426 1241 res
459 1206 618 1254 cogebat
633 1220 642 1252 3
681 1206 776 1242 adeo
808 1206 850 1242 111
880 1206 1041 1242 alteram
1070 1220 1222 1242 causam
1253 1220 1330 1243 non

141 1269 285 1318 collega
309 1271 434 1306 solum
454 1284 621 1320 praeceps
641 1276 736 1317 erat,
758 1271 825 1307 sed
845 1271 970 1308 omnis
989 1271 1108 1307 factio
1127 1272 1328 1309 nobilium.

142 1333 208 1369 Ita
236 1334 408 1370 medium
437 1348 477 1371 se
504 1336 672 1384 gerendo
701 1349 771 1372 nec
800 1336 922 1384 plebis
942 1337 1084 1372 vitavit
1108 1336 1238 1381 odium
1262 1350 1332 1373 nec

110 1418 122 1439 ⁴
142 1397 245 1446 apud
274 1403 403 1447 patres
430 1400 595 1448 gratiam
624 1400 725 1436 iniit.
786 1399 924 1437 Patres
952 1400 1106 1436 mollem
1137 1401 1331 1436 consulem

143 1467 182 1499 et
200 1463 449 1500 ambitiosum
469 1465 556 1511 rati,
580 1465 711 1513 plebes
730 1465 917 1510 fallacem,
939 1465 1124 1514 brevique
1150 1466 1333 1514 apparuit

111 1550 124 1572 5
143 1526 364 1576 adaequasse
392 1541 481 1564 enm
509 1528 634 1577 Appii
663 1529 806 1565 odium.
874 1529 1079 1566 Certamen
1111 1529 1333 1565 consulibus

142 1593 341 1639 inciderat,
370 1598 459 1630 uter
483 1593 680 1630 dedicaret
712 1594 899 1631 Mercurii
927 1594 1055 1630 aedem.
1116 1594 1283 1630 Senatus
1311 1608 1334 1629 a

143 1671 183 1695 se
203 1672 283 1696 rem
303 1659 352 1696 ad
372 1659 556 1709 populum
577 1660 710 1696 reiecit
727 1673 735 1696 τ
765 1659 845 1696 utri
865 1672 996 1696 eorum
1016 1659 1206 1695 dedicatio
1226 1660 1332 1696 iussu

144 1723 277 1772 populi
305 1724 397 1760 data
425 1729 535 1771 esset.
567 1737 655 1760 eum
683 1737 844 1773 praeesse
872 1737 1046 1768 annonae,
1075 1727 1332 1759 mercatorum

145 1787 349 1837 collegium
369 1788 586 1835 instituere,
608 1789 811 1826 sollemnia
831 1802 898 1838 pro
919 1789 1099 1838 pontifice
1121 1788 1233 1824 iussit
1251 1801 1330 1825 sus-

113 1868 128 1892 6
145 1853 280 1902 cipere.
340 1854 515 1903 Populus
543 1854 822 1891 dedicationem
851 1854 944 1890 indis
973 1853 1040 1889 dat
1068 1853 1124 1889 M.
1155 1853 1330 1899 Laetorio,

145 1918 262 1967 prinii
291 1920 361 1968 pili
390 1920 618 1966 centurioni,
646 1920 746 1968 quod
777 1919 886 1955 facile
915 1923 1117 1967 appareret
1146 1931 1223 1954 11011
1252 1922 1332 1955 tam

146 1987 195 2023 ad
224 1986 409 2023 honorem
438 1985 531 2033 eius,
555 1985 616 2021 cni
645 1985 794 2021 curatio
823 1985 938 2020 altior
965 1983 1120 2032 fastigio
1149 1996 1218 2019 suo
1243 1983 1334 2020 data

117 2079 129 2101 7
146 2057 257 2098 esset,
278 2052 424 2088 factum
445 2063 559 2100 quam
580 2050 627 2086 ad
648 2050 848 2086 consulum
869 2049 1131 2099 ignominiam.
1190 2048 1334 2085 Saevire

147 2116 238 2154 inde
259 2117 394 2165 utique
423 2115 626 2152 consulum
655 2115 753 2151 alter
782 2119 1012 2163 patresque3
1042 2113 1108 2150 sed
1129 2112 1231 2162 plebi
1258 2125 1334 2149 cre-

148 2184 287 2216 verant
315 2179 449 2225 animi,
470 2183 510 2215 et
538 2178 649 2227 longe
677 2177 764 2223 alia,
788 2190 902 2226 quam
924 2177 1048 2225 primo
1068 2176 1332 2222 instituerant,

116 2260 130 2282 8
151 2244 214 2280 via
237 2245 522 2293 grassabantur.
581 2242 796 2290 Desperato
822 2241 923 2277 enim
944 2240 1144 2277 consulum
1165 2244 1334 2276 senatus-
