1438 2466
103 143 207 170 acu.
229 128 452 182 465—464]
547 130 718 167 LIBER
754 129 839 168 III.
1231 131 1280 168 83

102 234 255 268 tentare
291 230 362 268 hoc
398 236 468 277 est,
507 230 688 275 Romani,
728 243 805 266 non
842 242 972 278 gerere
1010 229 1162 266 bellum.
1233 230 1312 268 In9

102 298 253 332 noctem
285 294 552 331 imminentem
585 294 706 330 aciem
739 293 936 330 instruitis
948 306 958 339 5
995 292 1166 341 longiore
1199 292 1282 328 luce

101 358 151 395 ad
172 359 213 396 id
232 363 438 403 certamen,
457 358 560 407 quod
579 359 713 404 instat,
734 357 845 394 nobis
864 370 960 406 opus
979 361 1046 394 est.
1104 355 1283 393 Crastino

101 422 163 458 die
181 422 330 460 oriente
349 422 427 459 sole
446 422 570 459 redite
594 422 636 458 in
658 421 778 459 aciem
795 435 805 468 ;
833 421 908 458 erit
928 420 1037 470 copia
1061 419 1259 469 pugnandi
1273 433 1282 466 ;

102 498 152 523 ne
187 485 356 524 timete.⁷'
432 485 510 522 His
547 485 706 522 vocibus
742 485 920 521 irritatus
956 484 1067 520 miles
1103 483 1145 519 in
1181 483 1282 520 diem
1303 501 1333 517 ιο

102 553 299 599 posterum
326 549 367 586 in
392 553 517 586 castra
543 549 752 594 reducitur,
780 549 934 598 longam
967 547 1099 584 venire
1132 551 1282 584 noctem

101 619 219 663 ratus,
249 627 334 664 quae
370 627 517 651 moram
551 613 753 651 certamini
788 614 940 650 faceret.
997 612 1096 648 Tum
1129 611 1283 660 quidem

83 691 260 728 *corpora
279 679 364 716 cibo
383 691 592 728 somnoque
612 683 752 715 curant
769 691 780 725 ;
800 678 868 715 ubi
883 677 1017 714 illuxit
1036 682 1188 726 postero
1209 677 1283 722 die,

102 744 209 793 prior
242 744 442 794 aliquanto
479 744 657 781 constitit
685 745 864 781 Romana
892 743 1017 790 acies3
1056 742 1211 779 tandem
1245 746 1285 779 et

103 807 227 858 AEqui
254 821 479 858 processere.
537 808 724 846 Proelium
754 809 831 845 fuit
855 809 1039 857 utrinque
1067 807 1283 854 vehemens,
1306 826 1331 842 ιι

101 872 204 922 quod
236 877 276 910 et
303 873 504 910 Romanus
532 873 590 909 ira
619 872 781 922 odioque
814 872 1024 921 pugnabat,
1058 875 1098 908 et
1134 870 1286 920 AEquos

102 936 336 974 conscientia
361 937 550 974 contracti
578 937 691 986 culpa
715 936 877 986 periculi
907 940 947 973 et
976 935 1192 984 desperatio
1224 934 1283 971 fu-

102 1005 198 1038 turae
225 1001 301 1039 sibi
335 1006 471 1051 postea
498 1001 590 1039 fidei
617 1002 757 1038 ultima
784 1001 926 1038 audere
956 1007 995 1038 et
1027 1001 1194 1050 experiri
1229 1013 1286 1038 co-

101 1065 225 1113 gebat.
270 1065 310 1102 N
312 1078 362 1102 on
381 1070 512 1103 tamen
531 1065 749 1102 sustinuere
765 1066 885 1103 aciem
902 1066 1117 1102 Romanam
1134 1064 1257 1114 AEqui
1272 1078 1282 1111 5
1303 1084 1331 1100 η

101 1128 281 1178 pulsique
305 1142 424 1178 quum
452 1130 494 1166 in
516 1130 612 1166 fines
640 1142 730 1166 suos
757 1143 796 1166 se
820 1130 1062 1178 recepissent,
1084 1128 1207 1166 nihilo
1226 1129 1283 1165 in-

102 1191 370 1229 clinatioribus
407 1193 455 1229 ad
493 1206 625 1242 pacem
663 1193 804 1230 animis
840 1193 951 1230 ferox
984 1193 1196 1229 multitudo
1228 1193 1284 1229 in-

102 1269 257 1306 crepare
293 1257 419 1303 duces,
458 1257 561 1307 quod
601 1258 640 1294 in
682 1257 814 1304 aciem,
853 1270 930 1307 qua
966 1257 1165 1307 pugnandi
1201 1263 1284 1294 arte

103 1321 307 1359 Romanus
327 1322 500 1368 excellat,
523 1323 725 1360 commissa
753 1335 814 1360 res
840 1323 917 1369 sit;
953 1322 1102 1372 AEquos
1130 1322 1285 1372 popula·
1305 1342 1313 1357 ι

102 1387 276 1424 tionibus
318 1388 679 1437 incursionibusque
724 1387 899 1425 meliores
937 1400 1027 1434 esse,
1068 1392 1106 1425 et
1143 1387 1285 1423 multas

102 1453 244 1502 passim
268 1465 406 1489 manus
431 1465 547 1502 quam
572 1465 751 1502 magnam
783 1452 923 1489 molem
949 1451 1065 1488 unius
1093 1452 1285 1488 exercitus

104 1517 247 1555 rectius
271 1517 373 1555 bella
397 1531 536 1568 gerere.
597 1518 752 1555 Relicto
777 1518 910 1567 itaque
933 1517 1068 1555 castris
1093 1517 1281 1567 praesidio,
1303 1517 1325 1553 3

103 1581 243 1631 egressi
278 1585 390 1619 tanto
419 1595 506 1619 cum
535 1582 710 1618 tumultu
742 1582 918 1619 invasere
946 1581 1043 1618 fines
1077 1581 1283 1626 Romanos,

103 1650 149 1682 ut
172 1645 222 1683 ad
237 1646 386 1690 ¹urbem
416 1659 568 1696 quoque
598 1650 783 1683 terrorem
821 1646 1065 1696 pertulerint.
1123 1645 1285 1694 Neeopi-
1301 1663 1315 1679 2

104 1714 197 1746 nata
234 1710 351 1747 etiam
387 1723 447 1747 res
484 1711 571 1760 plus
603 1710 875 1760 trepidationis
911 1711 1012 1756 fecit,
1046 1710 1149 1759 quod
1184 1710 1283 1746 nihil

104 1775 244 1822 minus,
275 1787 391 1824 quam
418 1788 467 1812 ne
495 1776 621 1813 victus
651 1789 695 1812 ac
727 1788 845 1825 prope
874 1776 916 1812 in
946 1774 1079 1812 castris
1109 1774 1283 1811 obsessus

104 1839 224 1877 hostis
265 1853 412 1877 memor
460 1840 722 1890 populationis
773 1844 883 1885 esset,
928 1839 1058 1876 timeri
1107 1843 1281 1888 potcrat3

103 1908 346 1954 agrestesque
368 1904 500 1954 pavidi
526 1904 740 1941 incidentes
759 1904 880 1953 portis
899 1916 976 1940 non
995 1902 1280 1952 populationem
1300 1921 1316 1945 ³

103 1980 173 2004 nec
209 1967 433 2017 praedonum
470 1981 611 2018 parvas
642 1980 791 2013 manus,
822 1967 900 2012 sed,
927 1966 1057 2003 omnia
1089 1979 1188 2002 vano
1220 1979 1284 2002 au-

102 2036 237 2081 gentes
264 2031 414 2077 timore,
443 2033 636 2069 exercitus
673 2040 713 2069 et
746 2031 912 2080 legiones
945 2030 1075 2067 adesse
1113 2030 1282 2067 hostium

104 2100 144 2132 et
162 2095 302 2132 infesto
319 2095 471 2145 agmine
489 2108 601 2133 ruere
620 2095 668 2132 ad
692 2095 823 2132 urbem
852 2094 1079 2131 clamabant.
1136 2094 1203 2130 Ab
1222 2093 1283 2130 his
1299 2113 1313 2135 ⁴

103 2160 272 2210 proximi
302 2160 438 2197 audita
464 2160 612 2197 incerta
639 2173 758 2209 eoque
786 2160 945 2196 vaniora
971 2159 1072 2196 ferre
1098 2159 1146 2195 ad
1174 2159 1277 2196 alios.

105 2223 251 2261 Cursus
277 2223 496 2272 clamorque
520 2223 742 2260 vocantium
771 2222 819 2259 ad
848 2235 954 2259 arma
982 2221 1086 2259 haud
1115 2222 1279 2259 multum

1059 2298 1167 2338 6—2

1321 1341 1334 1364 ω
