1438 2466
149 125 200 162 50
408 92 411 95 ·
663 123 812 160 LIVII
1099 120 1228 174 [A.U.c.
1253 126 1324 170 267

150 227 239 259 tura
266 234 368 258 mors
395 225 464 258 aut
492 221 607 269 longa
634 220 801 257 servitus
830 220 992 257 manet.’'
1051 220 1166 257 Uxor
1192 220 1330 257 deinde

149 300 192 323 ae
211 287 325 324 liberi
350 286 530 335 amplexi,
551 285 742 334 fletusque
770 285 819 321 ab
847 285 954 322 omni
980 284 1097 320 turba
1123 285 1330 321 mulierum

150 338 258 390 ortus
290 357 329 389 et
361 352 611 401 comploratio
649 351 709 387 sui
745 351 956 400 patriaeque
993 351 1139 399 fregere
1174 351 1332 388 tandem

105 430 135 447 10
151 417 290 453 virum.
348 414 580 465 Complexus
603 415 692 451 inde
717 427 805 451 suos
830 414 1019 461 dimittit5
1049 414 1131 462 ipse
1155 419 1260 451 retro
1284 415 1332 451 ab

154 481 248 517 urbe
281 483 406 516 castra
438 479 571 517 movit.
630 479 823 515 Abductis
860 479 997 515 deinde
1034 478 1249 527 legionibus
1285 492 1334 515 ex

154 558 244 594 agro
264 544 452 590 Romano,
474 544 623 580 invidia
652 544 709 580 rei
737 556 960 592 oppressum
988 544 1131 592 perisse
1159 543 1332 590 tradunt,

107 620 134 637 11
156 608 224 645 alii
256 608 331 644 alio
365 608 451 645 leto.
509 608 630 658 Apud
667 608 842 654 Fabium,
878 608 989 656 longe
1022 608 1335 656 antiquissimum

155 676 364 718 auctorem,
399 684 520 720 usque
552 672 602 708 ad
635 676 873 708 senectutem
904 671 1047 708 vixisse
1079 671 1245 708 eundem
1280 671 1336 707 in-

153 735 267 772 venio
280 748 290 782 ς
319 735 439 772 refert
458 739 572 782 certe,
593 735 693 772 hanc
711 749 809 785 saepe
828 749 916 772 eum
938 740 1073 772 exacta
1092 739 1205 772 aetate
1230 748 1336 772 usur—

106 821 136 838 12
156 813 264 849 passe
284 813 426 847 vocem,
447 801 571 837 multo
590 801 768 837 miserius
787 801 869 837 seni
888 800 1067 837 exsilium
1094 813 1184 837 esse.
1243 800 1336 836 Non

154 864 380 901 inviderunt
410 864 523 901 laude
553 877 622 901 sua
652 864 881 901 mulieribus
911 864 987 900 viri
1025 864 1195 901 Romani
1225 863 1336 915 (adeo

155 929 237 966 sine
256 929 537 966 obtrectatione
556 929 686 978 gloriae
705 929 840 966 alienae
859 927 1093 978 vivebatur),
1116 942 1336 965 monumen-

154 998 270 1042 toque
283 994 384 1043 quod
397 998 506 1040 esset,
520 994 708 1044 templum
721 993 903 1030 Fortunae
917 993 1095 1030 muliebri
1107 993 1336 1030 aedificatum

154 1059 448 1108 dedicatumque
468 1064 534 1096 est.

235 1122 400 1161 Rediere
419 1124 557 1160 deinde
577 1123 720 1169 Volsci,
741 1123 934 1160 adiunctis
960 1123 1113 1172 AEquis,
1134 1123 1176 1159 in
1201 1135 1335 1172 agrum

156 1187 374 1223 Romanum
390 1202 400 1235 3
442 1188 508 1224 sed
541 1187 665 1237 AEqui
697 1187 858 1223 Attium
890 1187 1061 1222 Tullium
1093 1186 1196 1223 haud
1233 1186 1337 1223 ultra

107 1273 138 1297 13
155 1252 279 1289 tulere
311 1253 458 1289 ducem.
518 1253 625 1289 Hinc
656 1266 704 1289 ex
737 1252 958 1297 certamine,
991 1251 1126 1288 Volsci
1164 1252 1336 1302 AEquine

155 1317 426 1365 imperatorem
460 1317 665 1353 coniuncto
699 1315 887 1353 exercitui
920 1316 1067 1362 clarent,
1097 1317 1247 1364 seditio,
1277 1317 1336 1354 de-

155 1381 245 1418 inde
275 1386 386 1417 atrox
416 1381 594 1430 proelium
625 1386 762 1418 ortum.
822 1381 884 1417 Ibi
915 1381 1070 1417 fortuna
1098 1381 1231 1430 populi
1260 1381 1336 1418 Ro-

156 1445 262 1481 mani
291 1446 386 1482 duos
416 1445 586 1482 hostium
617 1445 808 1482 exercitus
837 1440 942 1481 haud
968 1445 1096 1481 minus
1121 1446 1336 1494 pernicioso

156 1523 271 1558 quam
290 1510 479 1558 pertinaci
499 1511 708 1547 certamine
727 1509 899 1546 confecit.

110 1598 140 1622 14
236 1574 421 1612 Consules
440 1575 483 1612 T.
497 1576 663 1612 Sicinius
678 1580 718 1611 et
734 1575 774 1612 O.
790 1574 984 1624 Aquilius,
1027 1574 1171 1612 Sicinio
1190 1575 1335 1622 Volsci,

157 1639 318 1688 Aquilio
345 1639 509 1676 Hernici
536 1639 642 1691 (nam
668 1640 697 1676 ii
722 1653 874 1689 quoque
900 1640 941 1676 in
966 1641 1083 1676 armis
1109 1640 1234 1690 erant)
1255 1653 1337 1690 pro-

156 1704 284 1741 vincia
303 1705 443 1741 evenit.
501 1705 559 1742 Eo
579 1718 680 1742 anno
702 1705 864 1742 Hernici
884 1705 1025 1742 devicti
1039 1718 1049 1752 3
1078 1718 1164 1742 cum
1185 1705 1338 1743 Volscis

157 1782 264 1818 aequo
284 1769 412 1805 Marte
431 1770 638 1807 discessum
659 1775 725 1807 est.

89 1837 138 1874 41
238 1833 301 1882 Sp.
325 1834 478 1871 Cassius
498 1834 635 1871 deinde
656 1839 695 1871 et
714 1834 905 1871 Proculus
925 1833 1140 1882 Verginius
1160 1834 1336 1871 consules

159 1929 214 1954 Lex
242 1929 358 1959 Agraria
387 1929 416 1953 of
440 1899 542 1937 facti.
588 1899 686 1936 Cum
716 1899 901 1936 Hernicis
925 1898 1052 1935 foedus
1080 1898 1227 1944 ietum;
1253 1900 1336 1948 agri

159 1960 350 2021 {gbfigffiffigy
360 1960 414 2015 31¹3
443 1969 571 2013 partes
608 1965 693 2001 duae
731 1964 931 2013 ademptae.
996 1963 1095 2000 Inde
1132 1963 1336 2000 dimidium

160 2022 214 2046 ‘²¹¹¹'
442 2029 603 2077 Latinis,
627 2029 830 2065 dimidium
859 2026 962 2077 plebi
988 2027 1184 2064 divisurus
1203 2028 1335 2065 consul

128 2117 142 2132 2
161 2096 316 2134 Cassius
345 2100 436 2133 erat.
496 2094 723 2131 Adiiciebat
750 2093 840 2130 huic
868 2092 1020 2129 muneri
1053 2092 1136 2142 agri
1165 2092 1337 2142 aliquan-

161 2158 256 2210 tum,
280 2175 394 2212 quem
414 2161 611 2211 publicum
632 2159 818 2209 possideri
831 2172 854 2195 a
868 2158 1033 2208 privatis
1044 2157 1332 2195 criminabatur.

163 2228 208 2265 Id
239 2228 382 2264 multos
409 2226 564 2276 quidem
591 2230 757 2275 patrum,
779 2224 881 2273 ipsos
900 2235 1144 2272 possessores,
1166 2222 1336 2271 periculo
