1438 2466
130 155 235 183 Anu.
258 140 483 193 481—480]
587 139 760 178 LIBER
797 138 854 176 II.
1255 141 1303 189 5¹5

129 240 372 292 processisset
396 239 460 288 Sp.
491 238 652 284 Licinio,
675 238 871 287 ingressus
896 236 1080 274 dilectum
1113 237 1305 286 paulisper

130 304 318 353 impediit.
378 301 623 340 Perturbatis
665 301 808 338 iterum
847 300 1025 349 patribus
1055 327 1171 351 further
1198 334 1246 352 use
1280 327 1309 350 „s
1325 321 1338 337 2

131 368 235 417 App.
257 367 443 405 Claudius
468 366 611 402 victam
637 365 885 402 tribuniciam
905 369 1025 413 potes·
1052 357 1210 422 {ssffissgf'by
1237 358 1308 413 ἳξξῗίξ

131 436 252 469 tatem
272 432 398 468 dicere
412 430 539 480 priore
554 441 667 477 anno,
685 429 726 465 in
746 428 949 478 proesentia
969 441 1021 475 re,
1051 425 1131 443 ‘¹⁸⁰³'

132 495 308 545 exemplo
344 496 386 532 in
421 498 663 544 perpetuum,
702 492 856 542 quando
892 492 1092 529 inventum
1135 493 1197 539 sit,
1229 494 1308 530 suis

131 559 254 609 ipsam
274 558 422 595 viribus
441 557 608 595 dissolvi.
666 556 805 606 Neque
830 556 934 593 enim
961 568 1132 605 unquam
1158 556 1308 593 defutu-
1327 570 1342 594 3

132 635 230 668 rum,
251 622 319 671 qui
337 625 377 659 et
395 634 443 658 ex
463 621 608 670 collega
626 620 829 657 victoriam
848 621 923 657 sibi
941 624 981 657 et
999 620 1163 669 gratiam
1183 621 1311 658 melio-

85 723 89 727 ,
135 685 186 722 ris
210 685 331 734 partis
358 685 460 721 bono
487 684 640 733 publico
668 684 764 721 velit
792 683 1021 733 quaesitam3
1049 687 1089 720 et
1115 683 1256 732 plures,
1277 683 1309 719 si
1350 709 1358 717 .

135 749 309 798 pluribus
328 762 424 799 opus
443 749 504 795 sit,
525 749 703 786 tribunos
722 749 770 786 ad
796 748 987 785 auxilium
1016 747 1217 784 consulum
1245 760 1308 796 pa-

135 819 239 852 ratos
269 814 360 861 fore,
394 818 434 850 et
464 826 586 850 unum
619 813 682 850 vel
712 813 897 850 adversus
929 824 1060 849 omnes
1094 811 1188 848 satis
1216 823 1307 848 esse.

134 880 284 916 Darent
304 878 416 915 modo
435 883 475 915 et
496 878 669 915 consules
692 883 731 914 et
752 878 938 927 primores
961 882 1117 926 patrum
1140 889 1306 926 operam,
1330 896 1343 918 ⁴

133 949 189 991 ut,
209 945 243 981 si
262 944 391 981 minus
409 956 552 989 omnes,
574 943 722 992 aliquos
740 947 872 979 tamen
892 955 939 979 ex
958 942 1126 978 tribunis
1145 942 1200 978 rei
1218 941 1310 991 pub—

132 1010 214 1047 licae
232 1023 276 1047 ac
295 1010 447 1047 senatui
470 1009 730 1046 conciliarent.
789 1008 996 1058 Praeceptis
1023 1008 1147 1057 Appii
1174 1008 1311 1045 moniti
1331 1026 1343 1049 5

133 1080 260 1125 patres
279 1079 319 1111 et
338 1075 509 1112 universi
534 1074 695 1112 comiter
719 1086 762 1111 ac
790 1074 954 1122 benigne
981 1073 1159 1109 tribunos
1187 1073 1311 1122 appel-

134 1143 224 1187 lare,
245 1147 285 1179 et
311 1141 540 1186 consulares,
562 1146 608 1178 ut
635 1141 774 1190 cuique
802 1153 934 1177 eorum
962 1139 1146 1189 privatim
1165 1139 1311 1188 aliquid

133 1211 229 1248 iuris
248 1211 433 1248 adversus
451 1211 621 1260 singulos
639 1215 734 1256 erat,
756 1210 896 1259 partim
919 1209 1056 1259 gratia,
1070 1209 1212 1258 partim
1229 1222 1312 1245 auc-

134 1275 292 1312 toritate
311 1275 523 1320 obtinuere,
544 1279 590 1311 ut
608 1274 826 1311 tribuniciae
852 1274 1055 1330 potestatis
1083 1274 1184 1311 vires
1211 1274 1310 1310 salu-

135 1340 221 1376 bres
250 1339 397 1376 vellent
424 1339 480 1376 rei
509 1339 671 1388 publicae
699 1352 791 1385 esse,
821 1336 1037 1388 noremque
1066 1339 1311 1375 tribunorum
1331 1352 1346 1376 6

135 1405 319 1442 adversus
339 1416 459 1441 unum
475 1408 705 1441 moratorem
724 1404 870 1454 publici
889 1404 1076 1441 commodi
1096 1404 1241 1440 auxilio
1256 1403 1311 1440 ‹li-

138 1467 280 1504 lectum
300 1467 475 1504 consules
494 1466 647 1505 habent.

219 1529 318 1567 Inde
346 1530 395 1567 ad
425 1530 569 1567 Veiens
596 1530 740 1567 bellum
769 1531 941 1579 profecti,
963 1542 1039 1579 quo
1066 1529 1237 1579 undique
1264 1541 1312 1566 ex
1331 1548 1346 1572 7

142 1595 302 1632 Etruria
337 1594 482 1631 auxilia
523 1599 792 1643 convenerant,
831 1607 908 1632 non
953 1600 1034 1632 tam

141 1658 367 1695 Veientium
399 1658 525 1707 gratia
553 1659 756 1704 concitata,
786 1672 901 1708 quam
930 1659 1030 1708 quod
1058 1642 1316 1698 gffltmwtoffi

1061 1704 1167 1727 Roman
1194 1703 1313 1733 soldier&

139 1723 182 1759 in
201 1735 306 1772 spem
326 1726 486 1759 ventum
516 1727 609 1768 erat,
632 1723 821 1760 discordia
847 1723 1033 1761 intestina
1059 1737 1088 1789 ¹¹¹ss
1108 1734 1167 1789 252²
1185 1735 1312 1789 fflffoyuu.

1273 1772 1312 1789 ΥΕ·

139 1786 297 1824 dissolvi
335 1798 416 1823 rem
454 1787 672 1823 Romanam
709 1799 826 1836 posse.
885 1787 1030 1824 Princi-
1059 1795 1312 1857 fflffiveinthgirgrssgffi
1329 1797 1344 1822 8

138 1861 281 1899 pesque
309 1849 352 1886 in
389 1850 561 1886 omnium
600 1850 769 1887 Etruriae
802 1851 1030 1900 populorum
1059 1856 1313 1917 ξὶζῑὲῐῗῇζὶῖμυὴιτ·

138 1913 309 1950 conciliis
337 1913 564 1960 fremebant,
586 1920 748 1952 aeternas
776 1928 866 1964 opes
895 1916 1033 1953 Roma-

138 1990 217 2025 nas,
250 1977 326 2014 nisi
363 1977 466 2015 inter
497 1983 618 2016 semet
646 1979 721 2028 ipsi
751 1979 1005 2017 seditionibus
1043 1983 1227 2023 saeviant:
1271 1985 1312 2022 id

138 2054 259 2077 unum
279 2053 483 2088 venenum,
497 2055 580 2079 eam
600 2042 725 2079 labem
740 2043 965 2080 civitatibus
978 2046 1172 2094 opulentis
1186 2060 1311 2096 reper-

139 2108 230 2150 tam,
251 2108 297 2140 ut
316 2117 454 2153 magna
472 2105 633 2154 imperia
658 2106 837 2142 mortalia
863 2112 1002 2145 essent.
1062 2109 1140 2145 Diu
1166 2115 1311 2147 susten·
1327 2123 1344 2147 9

138 2171 264 2208 tatum
284 2167 323 2203 id
343 2167 500 2215 malum,
520 2169 662 2217 partim
691 2174 846 2218 patrum
875 2173 1054 2219 consiliis,
1075 2174 1217 2222 partim
1246 2189 1310 2224 pa-

138 2231 278 2269 tientia
296 2231 429 2280 plebis,
450 2232 525 2268 iam
546 2233 594 2269 ad
614 2237 788 2270 extrema
807 2234 964 2272 venisse.
1010 2236 1116 2273 Duas
1135 2238 1312 2276 civitates
