1438 2466
131 148 180 182 30
648 147 709 182 LI
720 146 796 183 Vll
1083 147 1211 198 [A.U.c.
1237 160 1309 198 259

97 243 273 279 ficivium
311 256 469 279 suorum
506 243 673 280 fortunis
715 243 962 280 consuluisse.
1027 244 1210 280 Contioni
1251 245 1311 281 de—

131 308 220 344 inde
266 308 392 344 edicto
443 308 593 344 addidit
644 308 770 354 fidem,
819 321 895 357 quo
947 308 1082 354 edixit,
1131 322 1180 346 ne
1225 310 1312 358 quis

131 373 254 409 civem
327 375 531 409 'temanum
584 373 760 409 vinctum
811 377 880 409 aut
928 374 1102 410 clausum
1149 378 1311 420 teneret,

131 451 207 487 quo
253 438 381 475 minus
427 439 463 474 ei
509 438 677 474 nominis
717 438 858 474 edendi
897 439 1000 487 apud
1041 439 1215 475 consules
1251 453 1314 488 po-

131 506 250 539 testas
280 503 402 548 fieret,
432 515 509 539 neu
538 502 626 551 quis
653 502 800 549 militis,
822 503 942 540 donec
970 503 1011 539 in
1039 503 1174 540 castris
1202 509 1312 550 esset,

131 568 232 605 bona
283 569 495 617 possideret
545 573 615 605 aut
669 570 866 615 venderet,
918 570 1058 606 liberos
1107 575 1316 618 nepotesve

100 649 114 672 7
131 634 215 670 eius
252 638 479 671 moraretur.
538 634 626 670 Hoc
664 634 860 684 proposito
888 635 1024 680 edicto,
1055 639 1104 680 et,
1135 635 1202 683 qui
1230 635 1315 671 ade-

132 702 222 735 rant
248 699 351 744 nexi,
381 698 554 747 profiteri
582 699 779 747 extemplo
808 700 977 744 nomina,
1004 704 1044 735 et
1067 699 1238 748 undique
1267 712 1317 735 ex

132 766 217 798 tota
256 763 351 798 urbe
392 762 692 811 proripientium
730 776 770 799 se
807 776 855 799 ex
900 764 1064 812 privato,
1103 775 1223 812 quum
1264 776 1318 799 re-

135 826 285 862 tinendi
314 826 374 862 ius
403 826 585 862 creditori
614 839 692 862 non
726 831 835 873 esset,
869 840 1074 863 concursus
1107 827 1148 862 in
1177 827 1316 873 forum,

104 899 118 923 8
136 894 181 925 ut
202 895 442 926 sacramento
467 890 652 933 dicerent,
674 891 765 927 fieri.
816 891 963 940 BIagna
991 905 1036 927 ea
1063 904 1200 928 manus
1227 891 1316 937 fuit,

135 967 258 1002 neque
291 955 454 991 aliorum
493 956 615 1003 magis
652 955 692 990 in
724 955 866 992 Volsco
902 956 1003 992 bello
1040 956 1166 992 virtus
1202 961 1318 1004 atque

135 1033 251 1069 opera
280 1019 433 1055 enituit.

215 1083 358 1120 Consul
387 1083 514 1132 copias
542 1087 677 1120 contra
704 1083 856 1120 hostem
885 1084 1014 1120 educit
1028 1099 1038 1131 3
1080 1097 1199 1132 parvo
1232 1084 1319 1120 diri-

68 1149 116 1184 25
135 1157 387 1211 ss‡{{⁰a({‡}{u{⁷g)¹⁸3}
417 1151 546 1184 mente
574 1148 782 1184 intervallo
809 1153 936 1185 castra
959 1149 1076 1198 ponit.
1136 1149 1321 1185 Proxima

135 1221 234 1242 suessa
246 1195 375 1242 l10metia„
416 1213 507 1249 inde
526 1217 638 1250 nocte
653 1213 797 1258 Volsci,
815 1213 1004 1250 discordia
1020 1213 1197 1250 Romana
1215 1213 1317 1260 freti,

136 1280 168 1316 si
197 1292 274 1328 qua
301 1283 491 1315 nocturna
519 1278 699 1314 transitio
727 1278 944 1327 proditiove
972 1278 1055 1315 fieri
1079 1283 1218 1327 posset,
1240 1283 1320 1314 ten-

136 1347 223 1379 tant
260 1347 394 1380 castra.
471 1342 631 1379 Senscre
668 1342 826 1391 vigiles5
872 1343 1065 1380 excitatus
1102 1343 1320 1388 exe1·citus;

134 1408 244 1457 signo
280 1408 371 1444 dato
408 1421 636 1445 concursum
675 1413 734 1445 cst
769 1409 818 1445 ad
855 1421 962 1444 arma
974 1423 984 1456 3
1023 1408 1078 1444 ita
1109 1408 1254 1444 frustra
1282 1407 1319 1443 id

106 1490 119 1505 2
137 1473 335 1521 inceptum
375 1472 528 1509 Volscis
566 1472 651 1508 fuit.
724 1472 937 1521 Reliquum
974 1472 1100 1509 noetis
1136 1471 1321 1520 utrinque

137 1536 260 1585 quieti
292 1536 438 1572 datum.
496 1536 657 1572 Postero
691 1535 752 1572 die
785 1536 910 1585 prima
942 1536 1025 1572 luce
1051 1535 1185 1572 Volsci
1213 1535 1322 1572 fossis

108 1620 120 1643 3
139 1602 296 1651 repletis
311 1602 458 1638 vallum
478 1601 681 1638 invadunt.
741 1601 902 1650 Iamque
921 1601 970 1637 ab
989 1601 1095 1637 omni
1115 1605 1223 1650 parte
1242 1613 1322 1637 mu-

138 1667 311 1703 nimenta
344 1665 599 1711 vellebantur,
620 1678 740 1714 quum
773 1665 916 1710 consul,
944 1678 1166 1714 quanquam
1194 1664 1324 1702 cuncti

137 1731 311 1780 undique
346 1735 386 1767 et
422 1731 513 1767 nexi
549 1735 640 1767 ante
668 1744 811 1774 omnes,
838 1735 883 1766 ut
910 1731 1063 1779 signum
1097 1729 1219 1775 daret,
1252 1730 1324 1766 cla-

137 1797 309 1842 mabant,
340 1796 565 1845 experiendi
593 1796 742 1833 animos
770 1795 941 1832 militum
971 1809 1085 1832 causa
1118 1809 1324 1845 parumper

139 1867 320 1908 moratus,
342 1865 546 1911 postquam
572 1861 667 1898 satis
691 1862 901 1911 apparebat
925 1861 1061 1910 ingens
1085 1861 1210 1909 ardor,
1234 1862 1324 1898 dato

138 1926 296 1963 tandem
321 1925 371 1962 ad
396 1926 677 1974 erumpendum
702 1926 812 1975 signo
837 1925 1002 1962 militem
1027 1925 1185 1962 avidum
1204 1930 1323 1962 certa-

109 1989 255 2033 4minis
288 1989 441 2026 emittit.
504 1988 636 2025 Primo
673 1989 807 2026 statim
844 1989 1001 2026 incursu
1038 1989 1140 2038 pulsi
1172 1988 1302 2026 hostes
1317 2001 1326 2034 ;

138 2054 392 2103 fugientibus,
422 2053 549 2104 quoad
576 2054 728 2103 insequi
757 2054 872 2103 pedes
900 2054 1038 2103 potuit,
1069 2059 1177 2104 terga
1209 2067 1326 2102 ατε-,5113

139 2132 255 2168 eques
282 2131 402 2168 usque
425 2119 475 2155 ad
500 2123 626 2155 castra
644 2119 806 2168 pavidos
825 2119 913 2168 egit.
973 2119 1067 2155 Mox
1088 2119 1171 2168 ipsa
1189 2123 1325 2160 castra,

140 2183 355 2233 legionibus
370 2183 628 2227 circumdatis,
645 2196 763 2232 quum
782 2183 943 2220 Volscos
962 2183 1052 2219 inde
1071 2184 1188 2220 ctiam
1208 2195 1328 2232 pavor

111 2266 125 2288 5
141 2247 363 2297 expulisset,
385 2251 497 2297 capta
523 2248 760 2297 direptaque.
819 2247 980 2284 Postero
1000 2247 1061 2284 die
1081 2247 1129 2284 ad
1150 2247 1326 2283 Suessam
