1438 2466
141 131 215 168 148
658 130 807 168 LIVII
1087 129 1217 182 [A.U.c.
1242 144 1314 180 305

108 243 121 265 5
138 238 214 274 quo
233 225 363 262 minus
381 226 642 262 decemviratu
661 226 831 263 abeam.’'
880 226 1040 263 Factum
1060 230 1217 263 senatus
1235 239 1320 263 con-

139 290 297 335 sultum,
318 294 364 326 ut
389 289 594 326 decemviri
620 302 659 326 se
682 289 806 338 primo
825 302 977 339 quoque
995 294 1167 339 tempore
1185 290 1320 339 magis-

140 356 247 389 tratu
267 352 498 397 abdicarent,
514 353 558 396 Q.
575 351 716 387 Furius
735 351 913 400 pontifex
932 351 1126 389 maximus
1144 352 1322 389 tribunos

141 416 264 465 plebis
289 420 447 463 crearet,
468 421 508 452 et
531 429 578 451 ne
602 414 663 452 cui
686 414 818 451 fraudi
842 419 942 451 esset
966 415 1126 453 secessio
1150 415 1322 452 militum

141 480 349 529 plebisque.

107 549 124 574 ⁶
222 544 299 581 His
321 547 479 581 senatus
505 543 690 580 consultis
715 545 897 593 perfectis
916 543 1073 580 dimisso
1092 548 1239 590 senatu,
1261 544 1323 581 de-

182 637 240 662 Tne
282 637 431 662 decemvirs
458 607 617 644 cemviri
632 608 825 657 prodeunt
840 609 881 645 in
896 608 1113 645 contionem
1128 608 1323 645 abdicant-

141 668 430 723 giffifssiistiffi‘ionssiss
458 685 532 721 que
552 685 592 709 se
611 672 851 722 magistratu,
873 672 1023 721 ingenti
1041 671 1241 709 hominum
1261 672 1321 708 lae-

110 754 124 777 7
142 729 271 754 ‘⁰⁵‘⁰¹⁰³‘¹·
456 737 556 774 titia.
614 737 864 774 Nuntiantur
882 737 962 773 haec
982 737 1096 786 plebi.
1145 736 1321 786 Legatos,

142 801 326 851 quicquid
367 801 409 838 in
446 802 540 838 urbe
577 801 778 838 hominum
816 807 1025 851 supererat,
1065 801 1320 850 prosequitur.

143 865 250 902 Huic
275 865 520 902 multitudini
547 866 637 902 laeta
661 866 738 902 alia
766 866 880 902 turba
905 879 954 902 ex
982 866 1118 902 castris
1145 865 1320 902 occurrit.

144 930 476 980 Congratulantur
501 931 720 968 libertatem
746 931 1064 979 concordiamque
1092 930 1243 967 civitati
1271 943 1325 967 re-

110 1009 125 1033 8
143 996 332 1034 stitutam.
391 996 529 1045 Legati
554 1009 622 1045 pro
642 996 844 1033 contione:
875 996 1023 1040 “Quod
1048 996 1203 1042 bonum,
1226 996 1326 1032 faus-

143 1063 228 1095 tum
244 1059 417 1108 felixque
432 1060 484 1096 sit
499 1060 608 1097 vobis
622 1060 755 1109 reique
774 1060 948 1109 publicae,
962 1060 1085 1097 redite
1103 1060 1145 1096 in
1160 1060 1326 1109 patriam

144 1125 191 1162 ad
218 1130 386 1174 penates,
411 1124 591 1174 coniuges
616 1125 833 1174 liberosque
859 1130 1030 1172 vestros;
1059 1125 1135 1171 sed,
1163 1137 1241 1174 qua
1264 1124 1327 1161 hic

144 1189 332 1226 modestia
350 1189 490 1237 fuistis,
511 1189 580 1226 ubi
598 1190 744 1226 nullius
763 1203 854 1239 ager
873 1189 914 1226 in
938 1194 997 1226 tot
1019 1203 1146 1226 rerum
1173 1202 1246 1226 usu
1266 1202 1326 1225 ne-

145 1255 308 1291 cessario
326 1258 446 1291 tantae
466 1254 712 1291 multitudini
732 1259 790 1291 est
807 1254 986 1300 violatus,
1002 1267 1086 1290 cam
1101 1253 1327 1291 modestiam

112 1338 127 1361 9
146 1319 244 1356 ferte
281 1319 323 1355 in
356 1320 500 1355 urbem.
560 1319 610 1355 In
642 1319 888 1355 Aventinum
926 1319 991 1364 ito,
1026 1319 1129 1355 unde
1166 1317 1328 1367 profecti

146 1383 238 1420 estis
251 1397 261 1430 3
289 1382 345 1419 ibi
363 1382 465 1419 felici
490 1383 582 1429 loco,
605 1383 672 1419 ubi
697 1383 822 1432 prima
845 1382 959 1419 initia
984 1382 1193 1419 inchoa-stis
1218 1382 1329 1418 libcr-

146 1448 239 1485 tatis
275 1452 425 1496 vestrae,
465 1448 642 1484 tribunos
679 1448 783 1498 plebi
820 1448 1008 1484 creabitis.
1072 1447 1218 1483 Praesto
1255 1446 1330 1483 erit

100 1534 129 1550 10
146 1513 323 1562 pontifex
355 1512 560 1558 maximus,
590 1512 658 1561 qui
691 1512 847 1549 comitia
875 1512 1048 1549 habeat.''
1104 1513 1247 1561 Ingens
1275 1525 1330 1548 as-

146 1591 281 1615 sensus
309 1577 565 1627 alacritasque
593 1582 731 1614 cuneta
760 1576 1058 1626 approbantium
1088 1576 1173 1612 fuit.
1234 1576 1330 1612 Con-

147 1643 300 1679 vellunt
330 1642 420 1679 inde
449 1643 568 1692 signa,
599 1641 839 1692 profectique
867 1641 1032 1678 Romam
1063 1645 1214 1677 certant
1243 1653 1330 1677 cum

102 1728 128 1744 ιι
148 1706 274 1744 obviis
298 1706 449 1755 gaudio.
507 1706 666 1742 Armati
691 1719 759 1755 per
788 1705 922 1742 urbem
952 1704 1106 1741 silentio
1135 1705 1176 1740 in
1202 1705 1331 1741 Aven-

150 1772 278 1808 tinum
315 1770 559 1820 perveniunt.
618 1770 682 1806 Ibi
715 1769 920 1818 extemplo,
950 1768 1130 1818 pontifice
1163 1768 1332 1805 maximo

150 1836 306 1873 comitia
333 1836 512 1881 habente,
540 1834 717 1872 tribunos
745 1835 867 1884 plebis
895 1838 1133 1880 creaverunt,
1159 1833 1331 1870 omnium

152 1903 319 1953 primum
346 1902 387 1938 L.
416 1901 665 1950 Verginium,
690 1900 780 1936 inde
806 1899 847 1935 L.
878 1899 1033 1935 Icilium
1059 1903 1099 1935 et
1127 1898 1169 1934 P.
1196 1898 1331 1934 Numi-

105 1985 133 2001 12
152 1966 306 2012 torium,
328 1964 565 2002 avunculum
584 1963 776 2013 Verginii,
798 1966 971 1999 auctores
996 1961 1228 2007 secessionis,
1250 1966 1332 1998 tum

154 2030 194 2068 C.
218 2029 418 2075 Sicinium,
439 2028 659 2079 progeniem
685 2028 779 2073 eius,
800 2040 915 2077 quem
938 2026 1107 2076 primum
1131 2025 1334 2062 tribunum

154 2094 276 2145 plebis
295 2098 466 2131 creatum
487 2093 527 2129 iu
548 2093 663 2130 Sacro
683 2097 814 2128 monte
835 2091 1031 2140 proditum
1051 2091 1244 2128 memoriae
1263 2095 1333 2135 cst,

155 2162 195 2195 ct
215 2157 269 2195 M.
292 2157 497 2203 Duillium,
519 2156 587 2205 qui
607 2156 849 2192 tribunatum
870 2154 1060 2204 insignem
1079 2158 1170 2191 ante
1189 2153 1334 2190 decem—

156 2223 258 2259 viros
285 2226 432 2258 creatos
458 2225 628 2270 gesserat
656 2233 725 2256 nec
750 2220 791 2256 in
821 2218 1140 2256 deccuwiralibus
1165 2217 1336 2255 cert-ami-
