1438 2466
182 140 254 176 158
694 141 844 178 LIVII
1128 140 1258 193 [A.U.o.
1282 153 1355 191 305

177 240 373 275 Aventini
399 240 581 289 Sacrique
606 241 749 277 montis
773 241 1015 288 admonebat,
1039 246 1092 286 ut,
1115 240 1184 276 ubi
1202 241 1360 277 libertas

146 312 162 336 6
178 306 289 350 parta
316 306 416 338 esset
440 303 571 351 paucis
596 308 686 340 ante
711 304 919 351 mensibus,
941 317 984 340 eo
1011 303 1216 353 imperium
1238 303 1361 340 illiba-

178 369 261 401 tum
288 366 487 413 referrent,
509 367 842 416 ostenderentque,
864 368 1024 404 eandem
1044 367 1212 404 indolem
1228 368 1360 404 militi-

177 430 250 466 bus
275 430 462 466 Romanis
489 435 576 479 post
600 437 753 468 exactos
778 432 1012 469 decemviros
1037 445 1128 479 esse,
1159 445 1243 481 quae
1271 436 1362 468 ante

179 499 326 532 creatos
354 495 484 541 fuerit,
515 509 584 532 nec
613 496 774 545 aequatis
801 497 949 546 legibus
977 497 1224 533 imminutam
1243 497 1363 533 virtu-

149 569 164 592 7
181 564 260 596 tem
288 559 422 609 populi
450 559 620 596 Romani
647 573 736 597 esse.
795 560 893 598 Haec
918 562 987 598 ubi
1012 563 1116 598 inter
1134 561 1244 610 signa
1262 561 1364 610 pedi-

182 628 266 660 tum
295 624 399 660 dicta
426 624 544 672 dedit,
566 625 723 662 advolat
751 625 890 662 deinde
918 626 966 662 ad
986 627 1144 674 equites,
1205 626 1362 674 “Agite,

181 688 340 725 iuvenes
355 689 373 705 ⁷’
393 688 531 737 inquit,
556 692 771 737 “praestate
791 690 937 726 virtute
956 690 1138 738 peditem,
1158 693 1203 726 ut
1221 689 1365 726 honore

150 763 165 787 8
183 757 299 802 atque
324 753 459 789 ordine
484 754 685 802 praestatis.
744 754 876 790 Primo
902 767 1088 790 concursu
1108 753 1222 802 pedes
1242 753 1366 790 movit

183 817 331 854 hostem
345 832 354 864 3
386 818 541 866 pulsum
560 831 628 855 vos
656 819 838 855 immissis
866 819 975 867 equis
1003 818 1146 867 exigite
1175 831 1195 854 e
1220 831 1361 866 campo,

183 882 276 918 Non
305 883 554 919 sustinebunt
580 883 780 932 impetum,
803 887 842 919 et
867 896 969 919 nunc
995 887 1227 919 cunctantur
1246 882 1366 930 magis

150 963 166 986 9
184 960 298 996 quam
328 947 548 984 resistunt.'’
604 947 811 984 Concitant
839 961 954 997 equos
986 947 1294 996 permittuntque
1326 947 1367 983 in

184 1013 332 1049 hostem
370 1012 539 1061 pedestri
573 1012 651 1048 iam
690 1013 889 1049 turbatum
928 1025 1066 1060 pugna,
1100 1016 1139 1048 et
1171 1010 1368 1060 perruptis

184 1077 397 1123 ordinibus,
438 1077 531 1113 elati
568 1077 616 1113 ad
654 1077 905 1113 novissimam
943 1077 1073 1122 aciem,
1112 1089 1201 1125 pars
1247 1075 1368 1111 libero

184 1141 309 1189 spatio
342 1140 599 1188 circumvecti,
641 1141 718 1177 iam
755 1141 884 1190 fugam
926 1139 1094 1188 undique
1131 1143 1369 1188 capessentes

184 1205 387 1253 plerosque
415 1218 437 1240 a
464 1204 599 1240 castris
626 1208 812 1240 avertunt
839 1202 1289 1252 praeterequitantesque
1307 1201 1369 1237 ab-

138 1286 168 1302 ιο
184 1273 360 1306 stcrrent.
421 1269 603 1305 Peditum
629 1269 728 1305 acies
752 1273 792 1305 et
815 1268 947 1305 consul
972 1267 1054 1317 ipse
1084 1267 1218 1315 visque
1245 1265 1370 1302 onmis

186 1334 279 1370 belli
314 1334 439 1370 fertur
471 1334 513 1369 in
543 1338 678 1380 castra,
721 1333 918 1383 captisque
956 1345 1043 1369 cum
1074 1331 1227 1380 ingenti
1256 1330 1368 1377 caede,

186 1399 330 1434 maiore
350 1398 478 1447 praeda
498 1398 656 1447 potitur.

139 1482 167 1498 ιι
267 1462 400 1498 Huius
432 1475 569 1511 pugnae
600 1461 704 1498 fama
737 1461 884 1510 perlata
914 1473 993 1496 non
1018 1460 1060 1495 in
1085 1459 1220 1495 urbem
1245 1457 1369 1504 modo,

219 1556 242 1579 1)
246 1556 315 1581 efeat
323 1555 473 1580 &Sabinos
500 1527 566 1563 sed
586 1527 627 1562 in
647 1526 811 1563 Sabinos
831 1525 879 1562 ad
899 1525 1064 1561 alterum
1085 1523 1309 1569 exercitum,
1330 1522 1372 1559 in

188 1587 221 1617 by
234 1587 372 1612 uoratius.
501 1592 594 1628 urbe
611 1591 747 1627 laetitia
762 1590 874 1627 modo
890 1590 1081 1626 celebrata
1095 1593 1164 1634 est,
1182 1588 1223 1624 in
1238 1587 1373 1624 castris

140 1670 169 1685 12
188 1656 336 1692 animos
355 1655 524 1691 militum
545 1656 593 1691 ad
618 1655 879 1692 aemulandum
905 1655 1020 1691 decus
1045 1654 1226 1691 accendit.
1287 1653 1372 1689 Iam

189 1719 379 1755 Horatius
405 1731 468 1755 eos
493 1718 783 1755 excursionibus
810 1718 1028 1767 proeliisque
1052 1718 1202 1754 levibus
1227 1716 1373 1765 experi-

188 1783 292 1820 undo
321 1783 576 1820 assuefecerat
604 1784 677 1820 sibi
706 1784 834 1833 potius
863 1784 979 1820 fidere
1007 1796 1123 1833 quam
1156 1782 1372 1819 meminisse

189 1848 410 1898 ignominiae
453 1848 755 1884 decemvirorum
799 1848 919 1885 ductu
963 1852 1136 1897 acceptae,
1179 1858 1373 1896 parvaque

142 1934 169 1957 13
190 1912 402 1949 certamina
430 1912 472 1948 in
502 1925 691 1948 suminam
727 1912 847 1949 totius
875 1912 1117 1961 profecerant
1142 1911 1232 1960 spei.
1292 1910 1374 1946 Noc

190 1979 391 2015 cessabant
417 1977 562 2023 Sabini,
584 1977 728 2014 feroces
747 1978 795 2014 ab
815 1991 855 2014 re
875 1978 1000 2027 priore
1019 1989 1121 2014 anno
1141 1976 1237 2013 benc
1255 1980 1371 2025 gesta,

192 2044 372 2080 lacessere
391 2047 508 2093 atque
527 2043 682 2090 instare,
699 2043 921 2092 rogitantes,
937 2042 1031 2092 quid
1051 2040 1244 2078 latrocinii
1263 2040 1374 2077 modo

192 2115 461 2158 procursantes
473 2108 585 2158 pauci
599 2113 914 2157 recurrentesque
931 2112 1100 2145 tererent
1115 2112 1267 2156 tempus
1280 2110 1319 2142 ct
1334 2106 1373 2141 in

193 2172 318 2208 multa
336 2171 470 2220 proelia
489 2184 685 2221 parvaque
705 2177 905 2221 carperent
920 2184 1107 2208 summam
1125 2171 1241 2207 unius
1259 2169 1375 2205 belli‘l

146 2253 173 2276 η
195 2237 300 2281 Quin
329 2236 387 2271 illi
417 2236 742 2284 congrederentur
775 2236 854 2273 acie
893 2235 1231 2284 inclinandamque
1259 2233 1373 2271 semel
