1438 2466
95 148 200 177 tucn.
222 132 449 186 471—470]
551 133 721 170 LIBER
757 132 817 170 II.
1223 137 1270 174 77

95 239 260 290 supplex
296 240 496 288 prensaret
531 235 720 280 homines,
757 236 822 273 sed
855 249 904 273 ne
939 243 984 273 ut
1016 251 1062 274 ex
1092 244 1276 276 consueta

95 304 250 355 quidem
270 302 479 352 asperitate
498 300 695 347 orationis,
716 313 836 350 quum
855 300 903 336 ad
923 301 1109 350 populum
1129 303 1275 352 agenda

96 380 213 406 causa
231 372 343 413 esset,
364 365 514 415 ahquid
532 365 674 402 leniret
691 370 810 415 atque
834 366 1108 402 summitteret.
1168 366 1275 403 Idem
1297 377 1312 402 ⁶

97 433 254 470 habitus
290 431 378 476 oris,
416 429 549 467 eadem
582 429 825 466 contumacia
862 428 904 465 in
941 429 1068 475 vultu,
1106 429 1207 466 idem
1237 431 1277 466 in

98 498 271 536 oratione
296 495 457 546 spiritus
482 499 577 540 erat,
599 494 693 531 adeo
720 498 767 531 ut
786 506 927 543 magna
950 507 1038 543 pars
1057 495 1180 543 plebis
1199 495 1279 544 Ap-

99 563 207 612 pium
232 573 309 597 non
338 559 467 596 minus
493 571 601 594 rcum
625 558 791 603 timeret,
813 569 929 606 quam
949 557 1145 593 consulem
1166 557 1279 594 timu-

100 631 194 665 erat.
252 624 377 663 Semel
409 636 563 661 causam
592 623 704 669 dixit,
735 635 812 672 quo
840 635 990 672 semper
1016 635 1128 672 agere
1150 623 1279 659 onmia
1300 639 1313 662 7

77 691 239 738 ,solitus
271 693 364 734 erat,
399 687 634 724 accusatorio
671 687 823 736 spirim,
860 686 1032 735 adeoque
1061 686 1280 723 constantia

102 768 172 792 sua
198 758 239 791 et
267 753 442 790 tribunos
470 750 728 800 obstupefecit
755 755 795 787 et
822 750 985 799 plebem,
1007 754 1053 787 ut
1080 750 1182 787 diem
1207 750 1282 799 ipsi

103 832 173 856 sua
191 817 392 854 voluntate
418 816 671 865 prodicerent,
699 813 803 851 trahi
828 814 969 851 deinde
992 827 1075 851 rem
1097 815 1278 852 sinerent.

106 881 226 919 Haud
251 881 308 917 ita
328 881 497 917 multum
516 879 674 915 interim
695 878 880 927 temporis
898 877 977 914 fuit
989 891 1000 925 5
1029 882 1121 915 ante
1140 882 1282 925 tamen,
1303 890 1318 914 8

105 959 221 996 quam
253 944 428 995 prodicta
457 943 539 980 dies
571 942 734 988 veniret,
765 942 898 978 morbo
927 942 1104 980 moritur.
1163 941 1284 978 Cuius
1303 964 1321 989 9

105 1022 226 1060 quum
244 1008 508 1045 laudationem
527 1006 679 1043 tribuni
696 1006 821 1056 plebis
839 1006 1026 1055 impedire
1041 1010 1283 1053 conarentur,

106 1073 215 1124 plebs
239 1072 414 1109 fraudari
437 1071 615 1108 sollemni
639 1070 785 1107 honore
813 1083 1037 1119 supremum
1059 1070 1163 1107 diem
1185 1072 1286 1108 tanti

107 1137 185 1174 viri
207 1137 345 1181 noluit,
367 1140 408 1172 et
431 1135 694 1172 laudationem
720 1139 800 1170 tam
820 1134 940 1183 aequis
959 1134 1116 1171 auribus
1140 1135 1284 1172 mortui

108 1200 271 1248 audivit,
288 1212 404 1249 quam
417 1198 500 1235 vivi
518 1197 801 1234 accusationem
821 1198 1009 1245 audierat,
1027 1203 1066 1235 et
1085 1199 1288 1248 exsequias

109 1266 290 1315 frequens
307 1263 526 1300 celebravit.

189 1328 337 1366 Eodem
383 1340 485 1364 anno
518 1327 702 1363 Valerius
739 1326 874 1363 consul
913 1340 1000 1363 cuni
1038 1327 1209 1364 exercitu
1249 1328 1290 1363 in
1310 1329 1359 1366 62

114 1394 264 1443 AEquos
288 1392 492 1442 profectus,
513 1405 633 1441 quum
657 1391 808 1428 hostem
835 1391 884 1428 ad
913 1404 1006 1440 proe-

112 1459 209 1496 lium
237 1457 373 1494 elicere
409 1469 489 1492 non
523 1460 663 1505 posset,
697 1459 824 1492 castra
859 1468 1004 1505 oppug-
1038 1437 1152 1499 Αέιῖἲῖε
1163 1438 1281 1497 sfflilles,

113 1534 206 1558 nare
237 1525 297 1558 est
322 1520 491 1557 adortus.
550 1519 759 1556 Prohibuit
785 1519 885 1556 foeda
913 1521 1008 1556 tem?
1037 1499 1193 1565 {gergi-iii?
1194 1518 1200 1528 ’
1210 1506 1295 1560 12}ss

114 1591 243 1636 pestas
272 1599 358 1623 cum
389 1584 577 1634 grandine
607 1597 651 1621 ac
678 1584 891 1621 tonitribus
919 1584 1010 1621 caelo
1041 1567 1098 1626 Πιῗζῖ
1118 1563 1294 1621 ωᾟὲῗᾙὲ

115 1651 272 1700 deiecta.
349 1648 663 1686 Admirationem
700 1648 839 1686 deinde
886 1648 1009 1695 auxit,
1061 1628 1120 1652 mg
1137 1622 1264 1646 renewed

116 1716 227 1764 signo
248 1712 422 1763 receptui
445 1712 547 1758 dato,
569 1713 664 1750 adeo
688 1712 903 1762 tranquilla
921 1712 1108 1749 serenitas
1129 1711 1293 1757 reddita,

117 1785 162 1817 ut
198 1779 308 1816 velut
343 1777 505 1814 numine
541 1777 673 1827 aliquo
711 1777 866 1814 defensa
903 1781 1029 1814 castra
1071 1789 1294 1826 oppugnare

117 1846 261 1882 iterum
292 1842 426 1892 religio
453 1841 584 1879 fuerit.
642 1842 779 1880 Omnis
805 1842 865 1879 ira
892 1842 984 1878 belli
1010 1841 1057 1878 ad
1084 1841 1296 1891 populatio·

118 1921 208 1946 nem
234 1907 318 1957 agii
344 1906 473 1943 vertit.
532 1906 651 1942 Alter
677 1906 822 1952 consul,
845 1905 1043 1951 AEmiliuS,
1073 1905 1114 1940 in
1143 1905 1297 1941 Sabinis
1316 1924 1329 1946 3

118 1972 263 2009 bellum
282 1971 411 2021 gessit.
458 1969 512 2006 Et
530 1970 596 2016 ibi,
613 1970 706 2020 quia
722 1970 846 2007 hostis
861 1969 1050 2006 moenibus
1069 1981 1108 2006 se
1127 1969 1296 2015 tenebat,

119 2037 265 2074 vastati
300 2036 384 2085 agri
419 2041 522 2073 sunt.
592 2034 790 2072 Incendiis
826 2033 965 2070 deinde
1001 2045 1079 2070 non
1117 2032 1294 2070 villarum
1315 2054 1328 2074 ⁴

121 2102 245 2147 modo,
273 2101 341 2138 sed
369 2101 486 2138 etiam
516 2101 702 2143 vicorum,
732 2099 874 2149 quibus
902 2099 1125 2148 frequenter
1152 2098 1298 2136 habita-

122 2165 249 2211 batur,
269 2165 404 2202 Sabini
432 2166 551 2203 exciti
579 2178 699 2214 quum
727 2163 1009 2213 praedatoribus
1031 2163 1298 2210 occurrissent,

122 2229 284 2279 ancipiti
309 2229 443 2278 proelio
466 2229 628 2278 digressi
652 2234 805 2278 postero
823 2228 886 2264 die
905 2226 1091 2263 rettulere
1109 2231 1236 2264 <nstra
1255 2228 1297 2265 in
