1438 2466
101 151 205 178 acu.
228 139 321 192 449]
546 141 716 177 LIBER
752 140 836 176 [Μ.
1205 142 1278 177 145

103 249 231 273 rerum
269 240 482 285 praeessent.
559 235 614 272 M.
656 235 838 284 Oppium,
877 236 963 272 SeX.
1025 248 1082 283 ‘ripe
1134 248 1281 283 decen1=3srs
1300 251 1327 267 u

103 300 312 336 Manilium
331 304 473 336 creant.
996 279 1282 339 (ιίιιωῖιῗζῖἰῖἱΐῖἣὶῗῐιῖῗῖἓῑῗ

433 364 439 370 ,
501 364 508 370 ,
996 339 1079 367 office,
1092 340 1136 363 the
1152 340 1280 363 ‹ii-mllock

183 364 320 401 Patres
356 364 511 401 solliciti
548 364 595 400 de
634 377 784 400 summa
822 376 962 409 reruni,
992 371 1139 399 continues,
1152 371 1220 394 until

103 441 223 477 quum
261 434 418 465 senatus
449 428 624 477 quotidie
656 433 767 475 esset,
801 427 936 477 iurgiis
972 427 1111 476 saepius
1147 431 1282 463 terunt

103 497 255 542 tempus
286 505 402 542 quam
435 492 612 529 consiliis.
671 493 785 529 Siecii
822 493 942 529 caedes
978 491 1205 528 decemviris
1241 496 1282 528 et
1301 511 1331 528 ια

104 557 287 606 Appiana
330 557 450 594 libido
487 562 528 593 et
569 557 755 593 dedecora
797 557 947 593 militiae
988 556 1278 593 obiiciebantur.

104 620 301 666 Placebat,
327 620 531 657 Valerium
558 621 848 670 Horatiumque
873 621 928 657 ire
954 621 995 657 in
1022 621 1278 657 Aventinum.

86 685 172 722 .Illi
197 686 401 735 negabant,
425 699 464 722 se
489 685 604 722 aliter
629 686 763 731 ituros,
789 698 904 734 quam
929 685 962 721 si
988 685 1195 721 decemviri
1222 685 1282 722 de-

104 753 291 798 ponerent
309 749 476 798 insignia
494 750 746 799 magistratus
764 749 857 791 eius,
878 762 954 798 quo
973 762 1076 785 anno
1094 749 1169 785 iani
1190 753 1282 786 ante

103 813 283 850 abissent.
342 813 562 850 Decemviri
593 818 809 863 querentes,
840 827 879 849 se
911 813 949 848 in
981 813 1154 849 ordinem
1185 813 1280 862 cogi,
1300 830 1330 853 13

104 890 182 915 non
206 882 298 914 ante
323 891 438 927 quani
465 879 624 927 perlatis
650 878 809 927 legibus,
831 891 994 927 quarum
1023 891 1137 914 causa
1163 879 1282 915 creati

103 946 241 987 essent,
281 941 521 990 deposituros
558 940 763 991 imperium
800 954 840 978 se
876 941 1041 978 aiebant.
1110 941 1187 979 Per
1224 942 1278 980 M.
1302 942 1350 978 52

104 1005 307 1051 Duillium,
345 1005 413 1055 qui
450 1007 631 1043 tribunus
667 1006 791 1055 plebis
827 1006 967 1053 fuerat,
1001 1007 1142 1043 certior
1178 1006 1281 1043 facta

103 1070 221 1120 plebs,
238 1071 551 1108 contentionibus
571 1071 735 1108 assiduis
754 1071 851 1108 nihil
872 1071 1045 1121 transigi,
1062 1072 1103 1108 in
1123 1073 1281 1109 Sacrum

103 1136 273 1169 montem
300 1145 347 1170 ex
371 1131 574 1169 Aventino
600 1133 753 1179 transit,
778 1133 994 1169 affirmante
1020 1133 1180 1178 Duillio,
1204 1146 1281 1169 non
1300 1149 1314 1165 2

104 1198 221 1246 prius,
245 1210 359 1246 quam
391 1197 514 1233 deseri
544 1197 678 1234 urbem
707 1197 877 1243 videant,
905 1210 1035 1234 curam
1066 1198 1106 1234 in
1134 1197 1283 1234 animos

102 1265 256 1309 patruni
286 1260 553 1296 descensuram
567 1273 579 1306 3
607 1260 895 1297 admoniturum
925 1260 1083 1297 Sacrum
1111 1264 1282 1296 montem

102 1324 328 1362 constantiae
356 1324 489 1372 plebis,
516 1324 768 1374 sciturosque,
796 1338 872 1374 qua
900 1325 983 1361 sine
1011 1324 1194 1362 restituta
1220 1338 1282 1373 po-

102 1393 241 1425 testate
260 1387 384 1436 redigi
408 1387 451 1424 in
472 1388 715 1425 concordiam
745 1401 805 1424 res
832 1393 1038 1437 nequeant.
1096 1388 1175 1425 Via
1199 1388 1239 1424 N
1242 1401 1280 1425 o-
1301 1405 1316 1429 3

101 1456 295 1495 melitana,
312 1450 374 1487 cui
395 1455 477 1487 tum
499 1451 693 1488 Ficulensi
713 1465 853 1488 nomen
872 1452 959 1497 fuit,
977 1451 1138 1501 profecti
1157 1456 1284 1488 castra

100 1515 142 1552 in
169 1521 300 1553 monte
329 1516 444 1552 Sacro
472 1515 657 1562 locavere,
683 1515 911 1553 modestiam
941 1520 1095 1565 patrum
1124 1528 1282 1552 suorum

101 1581 199 1618 nihil
221 1581 398 1619 violando
417 1581 571 1619 imitati.
630 1582 771 1618 Secuta
789 1581 1001 1618 exercitum
1022 1581 1142 1630 plebs,
1158 1581 1279 1627 nullo,
1299 1600 1313 1622 ⁴

101 1645 168 1695 qui
187 1658 256 1694 per
273 1650 426 1682 aetatem
446 1645 502 1682 ire
521 1650 660 1694 posset,
681 1649 927 1682 retractante,
985 1645 1283 1694 Prosequuntur

101 1711 282 1759 coniuges
300 1710 497 1759 liberique,
520 1711 673 1747 cuinam
693 1723 733 1747 se
751 1710 1017 1759 relinquerent
1041 1710 1083 1746 in
1106 1724 1149 1747 ea
1174 1710 1281 1756 urbe,

101 1775 142 1811 in
167 1787 244 1824 qua
269 1787 338 1811 nec
362 1775 551 1823 pudicitia
576 1788 646 1812 nec
671 1775 829 1812 libertas
849 1780 982 1812 sancta
1001 1780 1111 1822 esset,
1131 1776 1284 1812 misera-

102 1840 233 1876 biliter
252 1840 475 1889 rogitantes.

181 1905 312 1950 Quum
331 1909 441 1941 vasta
460 1905 594 1941 Romae
614 1905 744 1942 omnia
763 1905 916 1942 insueta
934 1905 1103 1942 solitudo
1117 1905 1283 1953 fecisset,
1300 1924 1314 1947 5

102 1969 144 2006 in
172 1970 254 2006 foro
287 1973 425 2018 praeter
456 1982 597 2018 paucos
628 1969 824 2007 seniorum
856 1983 969 2007 nemo
997 1984 1211 2023 theunanimous
1223 1991 1281 2015 pm-

102 2038 211 2081 esset,
228 2033 376 2070 vocatis
389 2033 524 2083 utique
539 2033 580 2069 in
595 2038 774 2070 senatum
792 2033 969 2083 patribus
997 2015 1281 2080 &thgrvffigrffinffi

101 2097 296 2134 desertum
321 2098 563 2146 apparuisset
581 2098 721 2143 forum,
743 2097 873 2147 plures
892 2097 970 2133 iam
998 2076 1282 2136 iigsstffli'ieffimpm

101 2175 216 2212 quam
250 2162 442 2199 Horatius
473 2175 518 2199 ac
549 2161 736 2199 Valerius
768 2162 1106 2199 vociferabantur:
1141 2163 1281 2207 “Quid
1300 2169 1317 2193 6

100 2225 384 2274 exspectabitis,
415 2230 544 2275 patres
573 2225 803 2275 conscripti?
859 2225 900 2262 Si
927 2224 1135 2262 decemviri
1163 2224 1278 2261 finem

214 2306 246 2336 s.
265 2305 290 2335 ι,
1114 2296 1166 2334 10
