1438 2466
133 185 238 212 A.cl1.
261 173 354 226 449]
577 173 743 210 LIBER
782 172 863 209 III.
1236 172 1249 206 l
1267 170 1305 206 17

132 272 224 321 spei.
273 272 510 309 Potest-atem
530 271 633 306 enim
654 269 901 306 tribuniciam
923 267 1308 317 provocationemque
1325 286 1339 310 ⁴

133 336 369 384 repetebant,
389 348 473 384 quae
491 338 582 371 ante
602 333 837 370 decemviros
855 337 1003 369 creatos
1021 330 1168 367 auxilia
1186 329 1310 379 plebis

133 397 298 444 fuerant,
333 402 374 435 et
404 410 452 434 ne
485 398 547 434 cui
579 397 707 433 fraudi
736 401 835 433 esset
867 395 1034 432 concisse
1067 394 1210 431 milites
1241 398 1310 430 aut

133 463 283 512 plebem
316 463 364 500 ad
401 462 650 512 repetendam
688 475 756 511 per
792 461 1040 499 secessionem
1079 459 1306 496 libertatem.

135 529 194 565 De
226 528 527 565 decemvirorum
562 527 674 564 modo
707 527 895 576 supplicio
928 531 1041 563 atrox
1074 525 1310 575 postulatum
1330 540 1344 564 5

133 592 212 629 fuit
223 607 234 641 3
262 592 350 629 dedi
368 591 510 641 quippe
529 604 593 628 eos
611 604 762 641 aequum
782 591 1000 638 censebant,
1020 590 1206 639 vivosque
1230 589 1311 638 igni

134 661 439 694 concrematuros
475 656 734 693 minabantur.
809 655 946 705 Legati
983 655 1031 691 ad
1067 667 1134 691 ea:
1183 653 1312 698 “Quae
1329 664 1345 688 6

83 730 86 733 ’
134 720 286 757 consilii
309 719 481 765 fuerunt,
505 721 598 757 adeo
620 733 729 769 aequa
753 719 987 768 postulastis,
1009 723 1054 755 ut
1078 719 1182 755 ultro
1204 718 1313 755 vobis

134 784 341 821 deferenda
366 785 511 821 fuerint
525 797 534 830 ;
563 784 735 821 libertati
762 784 864 821 enim
892 797 937 820 ea
963 783 1140 833 praesidia
1167 783 1311 832 petitis,

134 861 213 885 non
232 848 396 885 licentiae
416 848 464 885 ad
483 848 765 897 impugnandos
784 849 888 885 alios.
947 848 1021 884 Irae
1038 850 1174 883 vestrae
1193 846 1314 895 magis
1330 863 1344 886 7

135 913 406 963 ignoscendum
433 926 549 962 quam
574 913 852 963 indulgendum
880 917 949 958 est,
970 912 1111 961 quippe
1136 910 1204 960 qui
1228 923 1312 947 cru-

135 977 308 1014 delitatis
340 977 428 1014 odio
461 977 501 1013 in
534 977 803 1014 crudelitatem
833 977 948 1013 ruitis
978 981 1018 1013 et
1054 976 1162 1025 prius
1194 988 1313 1024 paene,

135 1054 252 1091 quam
289 1042 363 1090 ipsi
401 1041 514 1078 liberi
545 1041 641 1087 sitis,
672 1041 864 1078 dominari
895 1041 971 1077 iam
1004 1041 1045 1077 in
1077 1039 1316 1077 adversarios

136 1107 268 1144 vultis.
327 1106 590 1155 Nunquamne
621 1107 792 1156 quiescet
829 1106 967 1142 civitas
1003 1108 1136 1141 nostra
1171 1118 1194 1140 a
1230 1117 1347 1153 sup-8

136 1170 262 1220 pliciis
287 1176 356 1207 aut
382 1175 536 1219 patrum
563 1170 604 1206 in
630 1170 779 1219 plebem
807 1170 1022 1206 Romanam
1041 1173 1110 1205 aut
1134 1168 1256 1217 plebis
1275 1168 1316 1204 in

137 1236 291 1284 patres‘l
346 1235 463 1271 Scuto
496 1235 606 1271 vobis
638 1235 760 1284 magis
797 1247 913 1284 quam
949 1233 1077 1282 gladio
1113 1246 1210 1282 opus
1245 1237 1313 1270 est.

137 1299 242 1336 Satis
270 1313 460 1349 superque
490 1299 640 1342 humili,
656 1304 725 1345 est,
750 1299 818 1348 qui
846 1299 930 1335 iure
954 1311 1063 1347 aequo
1089 1297 1131 1334 in
1159 1297 1317 1334 civitate
1335 1316 1350 1339 9

137 1364 250 1411 vivit,
273 1377 343 1402 nec
368 1364 568 1401 inferendo
594 1364 777 1401 iniuriam
806 1377 876 1401 nec
904 1364 1096 1413 patiendo.
1156 1363 1318 1399 Etiamsi
1340 1382 1369 1398 ιο

137 1429 292 1478 quando
317 1429 545 1465 metuendos
566 1441 635 1465 vos
660 1428 861 1477 praebituri
885 1428 988 1474 estis,
1010 1440 1141 1477 quum,
1163 1439 1316 1475 recupe-

138 1494 232 1531 ratis
263 1494 553 1543 magistratibus
590 1493 813 1542 legibusque
843 1493 990 1537 vestris,
1021 1491 1165 1528 iudicia
1200 1504 1318 1540 penes

138 1571 207 1595 vos
232 1562 347 1595 erunt
371 1557 418 1595 dc
443 1558 569 1607 capite
595 1562 728 1594 nostro
747 1557 1003 1606 fortunisque,
1024 1559 1128 1602 tunc,
1150 1559 1196 1592 ut
1220 1568 1317 1604 quae-

139 1635 214 1670 que
232 1635 346 1659 causa
364 1621 447 1669 erit,
470 1622 651 1659 statuetis
664 1635 674 1668 5
704 1635 806 1658 nunc
832 1621 1052 1658 libertatem
1078 1619 1200 1669 repeti
1225 1619 1319 1656 satis

139 1685 243 1723 est.'’'
276 1686 308 1722 F
309 1690 474 1730 acerent,
491 1691 536 1723 ut
550 1686 705 1732 vellent,
723 1685 1041 1735 permittentibus
1055 1683 1213 1729 cunctis,
1228 1697 1319 1720 mox
1339 1683 1387 1720 54

139 1749 332 1786 redituros
351 1762 389 1786 se
409 1749 526 1799 legati
546 1751 660 1787 rebus
685 1750 867 1799 perfectis
887 1749 1089 1786 affirmant.
1148 1746 1319 1784 Profecti
1338 1762 1352 1778 2

140 1827 259 1864 quum
288 1815 470 1851 mandata
497 1815 619 1864 plebis
647 1815 824 1864 patribus
852 1813 1128 1863 exposuissent,
1158 1812 1225 1848 alii
1255 1811 1317 1848 de-

140 1879 310 1924 cemviri,
326 1879 479 1928 quando
494 1879 649 1928 quidem
670 1883 809 1928 praetcr
825 1891 930 1928 spem
950 1878 1120 1927 ipsorum
1141 1875 1319 1925 supplicii

140 1943 201 1979 sui
242 1943 350 1979 nulla
390 1944 536 1980 mentio
573 1944 693 1990 fieret,
733 1943 837 1980 haud
880 1943 1084 1992 quicquam
1125 1941 1295 1978 abnuere
1309 1954 1318 1987 ;

141 2006 305 2055 Appius,
327 2005 427 2042 truci
446 2005 602 2055 ingenio
621 2010 661 2042 et
679 2005 828 2041 invidia
847 2004 1048 2054 praecipua,
1069 2003 1199 2039 odium
1219 2002 1261 2039 in
1279 2015 1319 2039 se
1338 2020 1352 2043 3

141 2071 306 2108 aliorum
331 2083 400 2108 suo
426 2071 467 2107 in
492 2083 556 2108 eos
583 2071 747 2107 metiens
772 2070 869 2117 odio,
901 2068 1056 2105 “Haud
1081 2067 1215 2117 ignaro
1227 2067 1246 2084 ''
1265 2066 1319 2103 in-

142 2135 228 2185 quit
259 2134 472 2172 “imminet
504 2134 672 2172 fortuna.
728 2133 868 2180 Video,
898 2133 1017 2169 donec
1049 2144 1158 2168 arma
1189 2131 1351 2167 adver-⁴

142 2198 253 2235 sariis
270 2199 487 2245 tradantur,
508 2198 651 2235 differri
673 2198 856 2235 adversus
875 2210 946 2234 nos
964 2201 1166 2233 certamen.
1216 2195 1318 2231 Dan-

142 2261 214 2299 dus
239 2262 394 2299 invidiae
414 2267 472 2299 est
489 2263 654 2312 sanguis.
713 2261 825 2298 Nihil
851 2275 899 2300 nc
918 2273 986 2310 ego
1005 2260 1159 2309 quidem
1181 2271 1316 2304 moror,

1070 2331 1206 2370 10—2
