1438 2466
128 143 234 170 ³mu.
257 128 483 181 486-485]
587 129 758 166 LIBER
794 129 853 165 JJ.
1258 128 1304 165 51

129 241 258 266 rerum
277 240 436 265 suarum
454 227 627 264 terrebat
641 239 652 273 ς
680 226 747 263 sed
766 230 806 262 et
825 225 980 275 publica
1006 225 1183 274 patribus
1207 225 1308 262 solli-

128 293 259 330 citudo
278 293 415 341 inerat,
435 291 642 341 largitione
662 291 859 328 consulem
878 290 1112 340 periculosas
1130 289 1304 326 libertati

129 369 220 407 opes
247 361 405 394 struere.
461 356 560 393 Tum
589 355 758 405 primum
788 355 852 392 lex
879 354 1033 404 agraria
1064 353 1308 403 promulgata
1326 369 1342 393 3

129 425 198 467 est,
218 433 419 470 nunquam
447 419 587 457 deinde
615 432 740 468 usque
768 419 817 456 ad
844 418 944 455 hanc
972 418 1196 455 memoriam
1224 418 1307 455 sine

130 485 312 522 maximis
330 485 502 522 motibus
519 497 650 521 rerum
677 484 835 532 agitata.
895 482 1040 520 Consul
1068 482 1166 519 alter
1193 482 1306 531 largi·
1326 498 1341 521 4

130 549 230 586 tioni
259 549 471 594 resistebat,
501 548 724 585 auctoribus
752 547 929 596 patribus
957 559 1028 584 nec
1062 546 1167 584 omni
1197 546 1308 596 plebe

131 613 372 658 adversante,
390 625 474 662 quae
494 612 619 661 primo
639 616 806 660 coeperat
824 610 999 648 fastidire
1018 623 1160 647 munus
1179 611 1308 660 vulga—

129 682 238 715 tum:
265 691 290 715 a.
316 678 466 714 civibus
493 677 570 714 isse
598 677 639 713 in
664 677 786 713 socios
798 689 808 723 3
836 689 935 725 saepe
954 675 1091 712 deinde
1110 680 1151 712 et
1169 675 1305 725 Vergi-
1326 691 1340 715 s

79 735 84 738 ¹
132 740 241 777 nium
260 741 455 778 consulem
480 740 523 776 in
546 739 791 776 contionibus
810 738 918 775 velut
938 738 1214 775 vaticinantem
1239 751 1305 775 au-

129 805 271 852 diebat,
292 805 476 855 pestilens
495 804 648 854 collegae
667 816 809 841 munus
828 816 932 850 esse3
961 816 1072 853 agros
1090 803 1176 840 illos
1188 803 1305 841 servi-

130 875 256 907 tutem
285 871 345 918 iis,
373 870 443 920 qui
470 869 699 919 acceperint,
728 869 876 906 laturos
888 882 899 916 3
932 881 1050 918 regno
1077 869 1181 905 viam
1210 869 1304 905 fieri.

131 934 236 980 Quid
255 935 311 971 ita
330 935 435 971 enim
453 934 598 971 assumi
616 933 737 970 socios
757 938 796 970 et
808 945 948 970 nomen
964 933 1146 969 Latinum
1164 934 1176 970 ἵ
1203 932 1307 977 Quid
1325 942 1340 966 6

130 999 347 1045 attinuisse,
379 999 575 1046 Herm'cis,
606 999 722 1048 paulo
749 1003 840 1035 ante
868 998 1054 1044 hostibus,
1085 998 1188 1048 capti
1224 998 1307 1047 agri

132 1069 282 1114 partem
301 1065 460 1101 tertiam
479 1065 600 1111 reddi,
621 1064 697 1101 nisi
717 1069 762 1100 ut
781 1077 832 1101 eae
852 1069 986 1113 gentes
1005 1076 1073 1113 pro
1101 1063 1306 1101 Coriolano

131 1129 228 1166 duce
248 1129 423 1167 Cassium
442 1129 637 1166 habeant?
691 1129 897 1178 Popularis
917 1129 994 1165 iam
1013 1141 1094 1165 esse
1114 1128 1306 1165 dissuasor
1325 1145 1338 1167 7

129 1198 169 1230 et
186 1193 414 1231 intercessor
433 1194 528 1244 legis
546 1194 705 1243 agrariae
725 1197 902 1242 coeperat.
961 1193 1140 1242 Uterque
1165 1192 1304 1229 deinde

129 1257 262 1296 consul
291 1259 468 1296 certatim
506 1258 610 1308 plebi
646 1257 857 1307 indulgere.
916 1256 1129 1306 Verginius
1166 1256 1303 1304 dicere,

130 1335 334 1373 passurum
354 1336 394 1360 se
412 1323 600 1372 assignari
619 1335 739 1372 agros,
761 1321 854 1358 dum
872 1333 922 1358 ne
940 1321 1003 1358 cui
1027 1321 1103 1358 nisi
1128 1321 1203 1358 civi
1230 1321 1305 1358 Ro-

130 1399 245 1424 mano
272 1387 519 1437 assignentur
530 1401 541 1435 5
570 1386 736 1432 Cassius,
758 1385 848 1435 quia
867 1385 909 1421 in
927 1385 1078 1434 agmria
1102 1384 1305 1434 largitione
1323 1395 1337 1419 8

130 1451 360 1489 ambitiosus
378 1451 420 1488 iu
440 1451 560 1489 socios
579 1464 699 1501 eoque
725 1450 875 1487 civibus
900 1449 1015 1486 vilior
1042 1454 1136 1496 erat,
1157 1454 1203 1486 ut
1230 1449 1306 1486 alio

130 1529 290 1553 munere
320 1516 395 1553 sibi
423 1516 689 1554 reconciliaret
716 1515 859 1552 civium
888 1514 1046 1560 animos,
1076 1514 1208 1551 iubere
1236 1527 1305 1563 pro

131 1579 260 1617 Siculo
287 1580 483 1618 frumento
512 1580 714 1630 pecuniam
742 1583 937 1629 acceptam
966 1578 1130 1616 retribui
1150 1578 1301 1628 populo.

132 1644 182 1681 Id
200 1656 292 1700 vero
310 1644 413 1681 haud
432 1657 540 1682 secus
560 1657 676 1694 quam
695 1648 924 1693 praesentem
953 1643 1167 1680 mercedem
1196 1643 1305 1693 regni
1321 1660 1337 1685 9

131 1714 336 1759 aspernata
362 1709 516 1758 plebes;
553 1709 647 1746 adeo
675 1714 832 1758 propter
859 1708 1114 1757 suspicionem
1145 1707 1299 1744 insitam

132 1773 256 1823 regni,
275 1772 384 1810 velut
402 1773 646 1810 abundarent
665 1773 804 1819 omnia,
826 1784 989 1809 munera
1006 1771 1087 1808 eius
1106 1771 1147 1807 in
1167 1770 1306 1807 animis

132 1836 333 1874 hominum
358 1838 650 1888 respuebantur.
709 1837 845 1883 Quem,
874 1837 943 1873 ubi
970 1837 1140 1886 primum
1169 1835 1305 1885 magis·
1324 1855 1356 1873 10

133 1905 241 1938 tratu
269 1901 377 1948 abiit,
413 1902 641 1939 damnatum
678 1906 935 1951 necatumque
972 1905 1133 1939 constat.
1191 1900 1304 1948 Sunt,

133 1966 202 2016 qui
219 1970 370 2016 patrem
388 1972 584 2005 auctorem
609 1967 693 2005 eius
717 1966 899 2016 supplicii
923 1966 1075 2003 ferant:
1103 1978 1202 2012 eum,
1223 1978 1305 2015 cog-

133 2031 218 2069 nita
244 2032 348 2070 domi
375 2045 500 2081 causa,
530 2033 750 2070 verberasse
777 2045 822 2070 ac
849 2045 1005 2070 necasse
1036 2031 1306 2082 peculiumque

135 2095 205 2134 filii
237 2096 369 2134 Cereri
398 2097 678 2136 consecravisse
690 2111 702 2145 ;
740 2098 893 2147 signum
926 2096 1016 2134 inde
1044 2095 1193 2133 factum
1225 2108 1306 2134 esse

134 2169 175 2199 et
201 2161 460 2212 inscriptum:
501 2163 564 2200 Ex
594 2163 727 2200 Cassia
758 2162 908 2199 familia
939 2162 1085 2199 datum.
1145 2161 1308 2198 Invenio
1328 2180 1355 2197 n

133 2227 237 2278 apud
255 2227 451 2278 quosdam,
473 2228 589 2278 idque
608 2229 767 2279 propius
786 2228 901 2266 fidem
922 2233 990 2274 est,
1011 2241 1034 2264 a
1052 2226 1308 2276 quaestoribus

1087 2299 1197 2337 4—-2
