1438 2466
118 173 223 201 acu.
245 159 471 213 486—481]
573 160 746 198 LIBER
782 160 839 197 II.
1245 159 1294 196 53

118 260 244 307 modo,
273 259 340 296 sed
371 259 413 296 in
444 259 665 296 venientem
694 259 812 296 etiam
845 271 992 295 annum
1026 258 1079 295 M.
1116 258 1291 303 Fabium,

121 325 289 364 Caesonis
307 325 480 370 fratrem,
495 329 536 361 et
556 325 677 373 magis
695 324 866 360 invisum
881 323 1049 360 alterum
1068 323 1172 372 plebi
1187 336 1292 360 accu-

120 390 268 428 satione
289 389 352 439 Sp.
375 389 509 434 Cassii,
530 389 576 427 L.
595 388 811 434 Valerium,
833 387 1008 424 consules
1027 387 1144 425 dedit.

119 461 122 465 '
201 455 404 493 Certatum
418 467 462 491 eo
480 466 633 503 quoque
651 466 754 490 anno
773 466 860 490 cum
879 453 1049 490 tribunis
1068 456 1134 489 est.
1178 452 1293 489 Vana
1312 465 1327 489 8

119 519 184 556 lex
221 519 388 568 vanique
421 518 515 568 legis
547 522 723 555 auctores
751 517 932 554 iactando
963 517 1119 554 irritum
1150 529 1292 554 munus

119 584 220 621 facti.
277 583 441 620 Fabium
466 583 557 619 inde
575 595 716 619 nomen
734 582 869 631 ingens
888 586 976 631 post
994 585 1071 618 tres
1090 581 1293 619 continuos

119 649 341 686 consulatus
358 660 514 697 unoque
532 647 644 684 velut
663 652 796 684 tenore
816 659 948 683 omnes
966 650 1145 695 expertos
1173 646 1292 683 tribu-

80 735 84 738 ·
119 713 231 750 niciis
249 712 524 750 certaminibus
542 711 717 748 habitum
734 725 745 758 3
771 711 916 760 itaque,
936 715 982 747 ut
1007 711 1104 747 bene
1129 710 1287 757 locatus,

119 778 263 815 mansit
280 777 322 814 in
341 789 386 814 ea
404 776 551 813 familia
570 775 809 825 aliquamdiu
829 775 960 812 honos.
1019 775 1173 812 Bellum
1202 776 1292 812 inde
1309 797 1325 821 9

119 843 266 880 Veiens
295 841 448 887 initum,
484 846 524 877 et
556 840 691 877 Volsci
724 839 985 886 rebellarunt3
1018 840 1084 876 sed
1111 840 1160 876 ad
1191 840 1292 877 bella

119 912 282 944 externa
312 919 429 956 prope
466 910 694 954 supererant
726 905 842 950 vires,
869 904 1208 954 abutebanturque
1244 904 1292 941 iis

118 973 221 1010 inter
256 976 378 1009 semet
409 972 511 1021 ipsos
549 969 740 1007 certando.
798 969 1005 1006 Accessere
1034 1009 1140 1033 Pras·
1311 990 1342 1007 ιο

116 1036 168 1074 ad
203 1048 324 1085 aegras
351 1035 429 1072 iam
457 1034 630 1071 omnium
659 1037 808 1070 mentes
831 1032 1005 1081 prodigia
1034 1009 1262 1101 iffioei'ssissff

118 1100 294 1146 coelestia,
310 1112 427 1149 prope
450 1099 695 1149 quotidianas
715 1098 755 1134 in
775 1098 870 1134 urbe
889 1098 1004 1146 agris·
1235 1090 1241 1095 ’

117 1177 193 1215 que
211 1163 453 1202 ostentantia
472 1163 625 1209 minas;
654 1164 827 1211 motique
854 1162 910 1198 ita
938 1161 1111 1198 numinis
1138 1173 1290 1198 causam

117 1229 266 1267 nullam
303 1229 419 1266 aliam
456 1233 566 1265 vates
604 1227 804 1274 canebant,
842 1226 993 1276 publice
1030 1225 1290 1275 privatimque

117 1307 222 1331 nunc
247 1294 361 1340 extis,
389 1305 493 1330 nunc
522 1305 590 1342 per
618 1304 709 1328 aves
736 1291 913 1336 consulti,
943 1303 1059 1339 quam
1087 1289 1191 1326 haud
1217 1290 1290 1326 rite

116 1371 225 1395 sacra
243 1357 326 1394 fieri
341 1371 352 1404 ;
379 1357 446 1406 qui
464 1361 630 1393 terrores
650 1356 808 1392 tandem
828 1368 873 1392 eo
902 1367 1068 1401 evasere,
1089 1359 1134 1391 ut
1162 1354 1290 1404 Oppia
1309 1373 1337 1389 ιι

117 1422 227 1472 virgo
246 1422 417 1459 Vestalis
436 1421 620 1458 damnata
638 1421 776 1458 incesti
795 1433 926 1470 poenas
945 1420 1102 1458 dederit.

196 1487 239 1532 Q.
273 1486 416 1523 Fabius
450 1486 541 1522 inde
574 1490 614 1522 et
644 1485 683 1522 C.
716 1485 844 1522 Iulius
871 1485 1045 1522 consules
1073 1485 1174 1522 facti.
1232 1484 1290 1521 Eo
1308 1484 1357 1522 43

116 1563 219 1588 anno
237 1563 315 1587 non
334 1550 486 1599 segnior
505 1549 694 1586 discordia
713 1549 818 1586 domi
838 1554 877 1586 et
897 1549 1042 1586 bellum
1068 1549 1162 1586 foris
1187 1553 1288 1585 atro-

115 1614 198 1651 cius
215 1605 306 1650 fuit.¹
359 1613 426 1650 Ab
445 1613 588 1662 AEquis
602 1625 710 1649 arma
728 1617 883 1662 sumpta
900 1629 908 1657 ;
938 1613 1126 1649 Veientes
1153 1625 1287 1661 agrum

115 1689 268 1728 quoque
306 1677 572 1713 Romanorum
610 1676 839 1726 populantes
874 1677 1055 1714 inierunt.
1116 1676 1288 1721 Quorum

117 1741 304 1778 bellorum
332 1745 526 1777 crescente
554 1753 656 1784 cura,
679 1740 786 1777 Caeso
813 1740 958 1777 Fabius
984 1745 1023 1777 et
1052 1740 1115 1789 Sp.
1147 1740 1289 1777 Furius

115 1804 290 1842 consules
313 1804 423 1841 fiunt.
482 1804 683 1850 Ortonam,
706 1803 887 1841 Latinam
911 1805 1057 1849 urbem,
1080 1804 1204 1853 AEqui
1226 1817 1286 1853 op-
1306 1823 1321 1839 2

115 1869 362 1919 pugnabant3
404 1868 600 1915 Veientes,
630 1869 734 1918 pleni
766 1869 843 1905 iam
873 1869 1177 1918 populationum,
1211 1868 1286 1904 Ro-

115 1947 216 1970 mam
237 1934 359 1983 ipsam
378 1945 418 1970 se
437 1939 726 1983 oppugnaturos
744 1934 1002 1970 minabantur.
1121 1978 1126 1983 ,
1145 1977 1150 1982 Ι
1173 1978 1178 1983 ¹
1269 1976 1275 1982 ‚

116 1997 194 2043 Qui
213 2003 377 2034 terrores
396 2009 516 2046 quum
543 2010 781 2046 compescere
810 1997 1002 2043 deberent,
1035 1977 1286 2044 {Khss'issnssssssogssa
1305 2017 1321 2042 ³

116 2075 258 2100 auxere
277 2062 436 2111 insuper
453 2063 602 2100 animos
624 2063 757 2111 plebis,
777 2063 1005 2112 redibatque
1034 2038 1287 2124 ξίἶιῗέῃίἑῖὲἓῖιὲτῶ

116 2140 195 2164 non
213 2139 283 2164 sua
301 2132 437 2176 sponte
455 2127 560 2177 plebi
578 2141 661 2165 mos
680 2128 919 2165 detrectandi
935 2128 1002 2164 mi·
1034 2106 1081 2130 Ρη
1100 2108 1113 2124 ⁰
1167 2109 1180 2125 ι
1199 2107 1224 2131 5·

115 2191 253 2236 litiam,
269 2190 337 2228 sed
356 2191 419 2240 Sp.
442 2191 615 2229 Licinius
628 2193 810 2229 tribunus
826 2192 958 2241 plebis,
974 2192 1120 2229 venisse
1136 2197 1287 2242 tempus

115 2259 225 2292 ratus
242 2267 311 2304 per
329 2255 506 2292 ultimam
526 2256 793 2293 necessitatem
814 2256 909 2304 legis
927 2256 1086 2304 agrariae
1111 2257 1287 2305 patribus
