1438 2466
119 178 168 215 92
636 179 785 216 LIVII
933 178 1062 231 [Ave.
1089 191 1292 229 292—-293

117 277 204 313 bem
235 277 474 323 criminatus,
505 279 672 314 maxime
699 278 741 314 in
766 278 964 315 consulare
990 279 1194 328 imperium
1213 283 1296 316 tan-

119 354 235 390 quam
264 342 429 379 nimium
462 355 532 379 nec
567 342 763 379 tolerabile
794 342 923 379 liberae
961 343 1114 380 civitati
1141 343 1295 380 invehe-

84 425 98 447 3
116 404 242 441 batur.
300 405 468 442 Nomine
497 406 600 441 enim
628 409 783 442 tantum
812 407 940 442 minus
977 406 1225 452 invidiosum,
1254 420 1296 444 re

84 491 98 513 4
117 469 201 518 ipsa
231 482 347 519 prope
377 470 545 507 atrocius
573 483 690 519 quam
718 471 867 519 regium
896 484 999 517 esse;
1031 471 1172 520 quippe
1200 472 1296 509 duos

117 549 185 585 pro
213 549 290 572 uno
319 536 473 572 domino
501 539 686 584 acceptos,
707 536 969 582 immoderata,
994 536 1149 572 infinita
1175 541 1297 585 potes-

117 604 208 645 tate,
247 599 325 648 qui,
364 599 482 635 soluti
518 603 634 648 atque
672 599 847 635 effrenati
883 599 969 648 ipsi,
1003 611 1134 635 omnes
1171 603 1298 636 metus

84 685 98 707 5
116 664 244 713 legum
264 663 469 711 omniaque
495 663 685 712 supplicia
704 668 901 699 verterent
920 664 962 699 in
981 663 1140 712 plebem.
1200 663 1295 709 Quae

116 740 164 763 ne
190 731 334 763 aeterna
359 726 436 762 illis
463 726 621 763 licentia
648 727 709 772 sit,
731 726 854 775 legem
883 740 922 763 se
949 727 1295 776 promulgaturum,

117 796 162 828 ut
189 791 361 840 quinque
386 791 461 827 viri
485 795 666 827 creentur
691 791 839 840 legibus
859 792 906 828 de
925 792 1086 841 imperio
1104 792 1296 828 consulari

116 855 326 892 scribendis
341 869 350 901 3
371 855 472 904 quod
491 855 657 904 populus
676 855 717 891 in
736 867 776 891 se
794 856 856 892 ius
870 855 1029 899 dederit,
1046 868 1090 892 eo
1102 856 1297 893 consulem

118 933 289 966 usurum,
319 933 397 956 non
425 919 528 968 ipsos
556 919 759 956 libidinem
787 932 830 955 ac
867 919 1062 956 licentiam
1091 933 1198 956 suam
1227 933 1297 969 pro

84 1001 99 1026 6
116 986 199 1035 lege
224 984 436 1021 habituros.
494 984 581 1028 Qua
598 983 842 1032 promulgata
862 983 953 1032 lege,
975 996 1095 1032 quum
1114 984 1299 1020 timerent

117 1054 257 1100 patres,
289 1062 338 1085 ne
375 1048 600 1084 absentibus
637 1047 858 1084 consulibus
894 1048 1029 1096 iugum
1066 1047 1295 1096 acciperent,

117 1117 273 1150 senatus
300 1126 323 1148 a
350 1112 531 1161 praefecto
560 1111 667 1148 urbis
696 1111 738 1156 Q.
773 1111 893 1148 Fabio
922 1116 1092 1156 vocatur,
1113 1112 1180 1160 qui
1202 1112 1298 1149 adeo

117 1177 299 1213 atrociter
318 1176 358 1212 in
379 1176 616 1225 rogationem
637 1176 872 1225 latoremque
887 1176 1013 1225 ipsum
1033 1180 1090 1212 est
1109 1176 1297 1222 invectus,

118 1246 164 1277 ut
200 1240 310 1287 nihil,
341 1241 372 1276 si
405 1240 517 1276 ambo
545 1240 720 1276 consules
747 1239 883 1277 infesti
911 1240 1205 1277 circumstarent
1233 1241 1300 1277 tri-

45 1320 48 1325 ·
86 1329 99 1351 7
120 1309 278 1353 bunum,
307 1305 485 1342 relictum
514 1305 708 1341 minarum
745 1309 861 1354 atque
890 1305 1049 1341 terroris
1085 1305 1146 1342 sit.
1204 1305 1301 1341 Insi-

119 1373 269 1409 diatum
294 1384 381 1407 eum
408 1375 447 1406 et
472 1375 643 1418 tempore
663 1374 775 1419 capto
795 1370 972 1406 adortum
993 1383 1072 1407 rem
1092 1370 1296 1419 publicam.

119 1434 160 1470 Si
189 1446 304 1483 quem
330 1431 495 1468 similem
524 1432 606 1468 eius
634 1431 761 1480 priore
787 1444 889 1467 anno
908 1432 1010 1467 inter
1031 1431 1206 1467 morbum
1225 1430 1300 1467 bel-

119 1499 277 1547 lumque
315 1497 406 1533 irati
444 1497 498 1532 dii
536 1496 738 1533 tribunum
776 1496 982 1543 dedissent,
1017 1509 1094 1532 non
1130 1496 1301 1545 potuisse

87 1548 215 1602 8⁹sisti.
274 1562 444 1600 Mortuis
473 1562 622 1599 duobus
650 1562 880 1605 consulibus,
908 1563 1056 1599 iacente
1084 1574 1186 1610 aegra
1213 1561 1302 1598 civi-

121 1633 213 1673 tate,
252 1627 294 1663 in
331 1627 548 1663 colluvione
587 1626 760 1663 omnium
789 1639 930 1672 rerum,
960 1626 1008 1662 ad
1036 1625 1251 1662 tollendum
1281 1638 1301 1661 e

122 1709 163 1733 re
191 1694 346 1744 publica
378 1691 577 1728 consulare
604 1691 809 1739 imperium
840 1690 1012 1726 laturum
1043 1689 1142 1738 leges
1172 1689 1301 1735 fuisse,

122 1761 258 1797 ducem
294 1757 447 1794 Volscis
484 1755 703 1804 AEquisque
746 1755 794 1791 ad
835 1753 1131 1803 oppuguandam
1168 1753 1302 1790 urbem

89 1826 310 1870 9futurum.
369 1821 471 1865 Quid
510 1820 692 1856 taudem?
746 1819 814 1855 Illi
852 1831 930 1855 non
967 1818 1092 1863 licere,
1132 1817 1164 1854 si
1210 1817 1303 1866 quid

123 1888 296 1928 consules
333 1885 495 1934 superbe
532 1884 573 1920 in
612 1883 778 1932 aliquem
817 1883 961 1919 civium
994 1886 1064 1918 aut
1099 1881 1306 1918 crudeliter

123 1954 297 1998 fecerint,
337 1951 438 1987 diem
486 1948 621 1991 dicere,
660 1960 837 1983 accusare
881 1947 929 1982 iis
970 1946 1063 1995 ipsis
1099 1945 1303 1991 iudicibus,

78 2042 107 2058 ,ο
126 2029 290 2068 quorum
318 2014 360 2050 in
391 2013 556 2062 aliquem
586 2011 763 2048 saevitum
792 2011 867 2046 sitl
914 2010 1007 2046 Non
1035 2009 1145 2045 illum
1175 2022 1307 2046 consu-

126 2084 205 2120 lare
242 2078 459 2128 imperium,
491 2076 556 2112 sed
596 2075 845 2112 tribuniciam
877 2079 1110 2123 potestatem
1140 2072 1306 2110 invisam

125 2143 485 2190 intolerandamque
514 2140 657 2186 facere3
698 2151 813 2187 quam
853 2138 1046 2187 placatam
1083 2136 1303 2173 reconcilia-

128 2217 283 2258 tamque
312 2205 489 2256 patribus
519 2203 566 2240 de
593 2204 743 2251 integro
775 2203 816 2239 in
849 2202 1010 2251 antiqua
1039 2200 1161 2250 redigi
1193 2200 1303 2238 mala.

127 2274 266 2322 Neque
312 2270 421 2306 illum
469 2281 508 2304 sc
554 2267 762 2316 deprocari,
800 2278 876 2315 quo
914 2265 1043 2301 minus
1079 2268 1226 2314 pergat,
1263 2270 1308 2301 ut
