1438 2466
114 136 162 171 44
630 137 780 175 LIVII
1063 136 1194 189 [mue.
1219 140 1293 187 263

79 247 93 263 2
112 235 181 268 aut
213 232 359 270 servire
391 233 533 270 iubeat.
592 234 642 270 In
680 237 887 270 exeuntem
925 246 945 270 e
982 233 1090 270 curia
1126 234 1295 283 impetus

111 295 237 334 factus
265 302 376 344 esset,
398 297 439 333 ni
467 302 752 347 peropportune
781 297 932 334 tribuni
961 297 1063 334 diem
1093 297 1292 335 dixissent.

113 360 177 397 Ibi
195 361 255 398 ira
273 366 331 398 est
350 375 554 411 suppressa
563 376 574 409 ς
594 375 634 399 se
653 362 821 399 iudicem
841 363 1015 412 quisque,
1036 375 1076 399 se
1095 362 1295 399 dominum

79 437 95 461 3
112 426 202 462 vitae
230 426 410 476 necisque
438 427 606 464 inimicis
633 428 778 464 factum
806 428 973 464 videbat.
1032 427 1295 477 Contemptim

113 490 236 538 primo
252 490 426 527 Marcius
440 491 623 528 audiebat
637 491 761 528 minas
780 491 1028 538 tribunicias,
1047 492 1195 538 auxilii,
1217 505 1296 529 non

113 568 232 604 poenae
260 556 321 592 ius
350 556 484 593 datum
513 556 572 593 illi
591 557 787 606 potestati,
809 557 1022 607 plebisque,
1043 570 1123 594 non
1141 561 1296 606 patrum

113 618 290 656 tribunos
310 632 400 658 esse.
459 620 535 657 Sed
560 621 656 658 adeo
681 621 834 658 infensa
853 626 936 658 erat
955 626 1088 658 coorta
1107 621 1228 670 plebs,
1250 625 1296 657 ut

81 693 96 717 4
114 683 229 720 unius
248 696 360 732 poena
378 684 668 733 defungendum
690 690 790 722 esset
810 685 998 734 patribus.
1049 685 1299 722 Restiterunt

114 753 245 785 tamen
271 749 434 785 adversa
458 749 620 796 invidia,
641 750 778 798 usique
803 754 894 786 sunt
914 762 1001 802 Q
1021 749 1102 786 suis
1121 750 1295 799 quisque,

106 825 198 863 Q.
209 813 331 849 totius
351 813 498 849 ordinis
518 813 677 850 viribus.
708 814 770 849 Ac
783 813 908 862 primo
923 817 1076 850 tentata
1091 826 1151 850 res
1167 817 1235 859 est,
1252 813 1296 858 si,

114 876 295 925 dispostis
315 876 533 923 clientibus,
560 877 812 914 absterrendo
832 877 1006 927 singulos
1023 891 1047 914 a
1066 877 1299 914 coitionibus

81 948 96 971 ⁵
114 941 361 990 conciliisque
392 941 566 978 disiicere
597 955 679 979 rem
711 947 878 991 possent.
936 941 1126 979 Universi
1159 942 1299 979 deinde

114 1018 329 1054 processere
359 1005 560 1056 (quicquid
588 1011 672 1043 erat
700 1013 868 1056 patrum,
888 1019 973 1043 reos
1001 1005 1161 1052 diceres)
1182 1006 1300 1055 preci-

113 1069 185 1106 bus
204 1069 353 1118 plebem
374 1074 634 1119 exposcentes,
657 1083 779 1107 unum
799 1070 874 1107 sibi
893 1071 1026 1116 civem,
1054 1083 1176 1106 unum
1194 1083 1300 1106 sena-

113 1140 249 1181 torem,
276 1135 310 1171 si
339 1134 586 1172 innocentem
616 1135 815 1173 absolvere
844 1136 1005 1181 nollent,
1038 1148 1108 1184 pro
1137 1139 1300 1172 nocente

80 1204 96 1229 6
114 1199 313 1236 donarent.
372 1200 462 1249 Ipse
490 1213 611 1249 quum
639 1201 701 1237 die
726 1201 830 1238 dicta
849 1214 928 1238 non
947 1202 1107 1247 adesset,
1128 1213 1301 1251 perseve-

113 1268 242 1300 ratum
270 1264 313 1300 in
340 1264 399 1300 ira
426 1268 492 1302 est.
552 1265 772 1302 Damnatus
791 1266 929 1302 absens
948 1267 990 1302 in
1015 1265 1171 1302 Volscos
1190 1277 1301 1301 exsu—

114 1329 237 1366 latum
274 1329 384 1376 abiit,
423 1329 612 1367 minitans
648 1331 784 1379 patriae
822 1330 1062 1379 hostilesque
1098 1331 1177 1366 iam
1216 1336 1298 1367 tum

114 1394 274 1443 spiritus
293 1406 440 1443 gerens.

194 1455 431 1495 Venientem
457 1457 592 1495 Volsci
617 1458 783 1508 benigne
803 1471 997 1508 excepere,
1019 1458 1301 1508 benigniusque

114 1523 156 1559 in
184 1523 265 1560 dies
293 1522 480 1568 colebant,
503 1535 579 1572 quo
608 1523 729 1559 maior
756 1523 814 1559 ira
842 1523 884 1559 in
904 1536 992 1560 suos
1011 1523 1207 1560 eminebat
1225 1535 1301 1559 cre-

116 1588 270 1636 braeque
308 1599 412 1623 nunc
448 1587 627 1635 querelae,
667 1600 770 1624 nunc
816 1588 930 1624 minae
977 1586 1297 1636 percipiebantur.

84 1664 97 1688 7
118 1652 302 1702 Hospitio
322 1652 507 1688 utebatur
527 1652 635 1688 Attii
654 1652 782 1688 Tullii.
815 1652 948 1701 Longe
967 1652 1000 1688 is
1019 1657 1103 1688 tum
1124 1651 1302 1701 prinecps

118 1717 252 1754 Volsci
271 1717 439 1753 nominis
457 1721 542 1753 erat
562 1716 828 1765 Romanisque
848 1729 998 1765 semper
1016 1715 1194 1753 infestus.
1238 1715 1302 1752 Ita

118 1796 238 1832 quum
257 1782 424 1818 alterum
444 1786 557 1818 vetus
576 1781 720 1827 odium,
742 1781 908 1818 alterum
933 1781 992 1817 ira
1017 1794 1150 1818 recens
1167 1782 1302 1818 stimu-

85 1857 99 1880 8
118 1849 227 1894 laret,
244 1846 404 1884 consilia
419 1846 624 1883 conferunt
644 1846 690 1882 de
710 1846 888 1883 Romano
909 1846 1018 1882 bello.
1051 1845 1172 1882 Haud
1192 1846 1301 1882 facile

118 1912 325 1950 credebant
351 1911 499 1960 plebem
530 1924 638 1947 suam
665 1910 813 1960 impelli
838 1924 958 1960 posse,
980 1918 1025 1947 ut
1044 1911 1160 1947 toties
1179 1910 1302 1947 infeli-

119 1979 215 2015 citer
233 1981 385 2013 tentata
403 1989 512 2012 arma
531 1980 728 2024 caperent:
758 1975 892 2012 multis
920 1989 1019 2024 saepe
1048 1975 1168 2021 bellis,
1189 1974 1303 2024 pesti-

119 2042 243 2079 lentia
261 2046 456 2090 postremo
475 2041 615 2077 amissa
634 2040 840 2077 iuventute
860 2040 1004 2077 fractos
1024 2041 1184 2089 spiritus
1203 2053 1283 2077 esse
1293 2053 1304 2086 3

121 2113 204 2143 arte
224 2105 416 2155 agendum
437 2105 476 2141 in
497 2105 649 2141 exoleto
669 2105 746 2142 iam
768 2110 962 2141 vetustate
982 2105 1081 2150 odio,
1099 2111 1144 2141 ut
1158 2105 1303 2142 recenti

121 2173 252 2221 aliqua
271 2171 328 2207 ira
348 2170 674 2207 exacerbarentur
694 2171 825 2206 animi.

55 2238 103 2275 36
204 2235 304 2272 Ludi
323 2236 421 2272 forte
440 2248 488 2271 ex
509 2235 792 2271 instauratione
816 2235 946 2284 magni
968 2235 1100 2271 Romae
1121 2235 1304 2284 paraban-
