1438 2466
65 154 171 182 μου.
193 142 287 196 451]
510 144 682 181 LIBER
721 145 803 182 [Π.
1170 145 1244 182 123

62 239 291 286 contionem,
308 240 350 276 in
368 253 409 277 re
424 240 538 276 iuxta
557 240 766 276 manifesta
779 245 897 289 atque
915 241 1038 277 atroci
1057 240 1098 277 G.
1117 240 1245 276 Iulius

61 304 254 341 decemvir
281 303 384 341 diem
412 303 537 340 Sestio
565 303 669 340 dixit
690 309 730 340 et
757 309 954 340 accusator
982 303 1032 340 ad
1058 303 1242 352 populum

61 367 225 414 exstitit,
239 368 349 404 cuius
366 367 423 404 rei
437 366 556 403 iudex
575 366 770 418 legitimus
789 372 883 412 erat,
899 367 1140 415 decessitque
1158 366 1243 403 iure

60 444 142 479 suo,
163 436 208 468 ut
233 431 435 480 demptum
465 431 512 468 de
545 431 586 467 vi
618 431 872 480 magistratus
902 431 1037 480 populi
1069 431 1244 467 libertati

59 495 252 533 adiiceret.

140 559 270 604 Quum
298 564 521 609 promptum
550 559 622 596 hoc
650 559 712 596 ius
740 559 851 595 velut
877 572 925 595 ex
945 559 1099 595 oraculo
1118 559 1241 596 ineor-
1260 559 1310 596 34

58 628 217 673 ruptum
238 624 385 673 pariter
406 624 456 660 ab
476 623 525 660 iis
552 624 694 660 summi
722 623 924 672 infimique
956 633 1149 688 ffi'lli‘selrlxegaffig
1173 640 1242 694 :aeb-

33 727 36 731 *
58 686 217 734 ferrent,
256 692 342 723 tum
379 687 528 736 legibus
566 687 776 723 condendis
814 699 928 735 opera
956 694 1049 719 nahem

58 751 225 788 dabatur
235 765 245 798 ς
266 751 492 801 ingentique
508 751 709 787 homiuum
729 751 1016 800 exspectatione
1035 752 1241 800 propositis

57 816 187 853 decem
207 816 363 863 tabulis,
384 816 572 865 populum
588 816 636 852 ad
653 816 872 852 contionem
889 816 1176 852 advocaverunt
1189 821 1238 862 et,
1259 832 1272 848 2

56 881 160 930 quod
179 882 335 927 bonum,
357 881 530 918 faustum
556 881 730 930 felixque
755 881 812 917 rei
838 881 1011 930 publicae,
1033 881 1127 930 ipsis
1146 881 1238 918 libe-

57 939 185 995 ris'que
204 958 336 982 eorum
356 951 467 991 esset,
489 945 544 981 ire
571 950 610 981 et
638 945 763 994 legere
793 945 893 994 leges
922 945 1139 994 propositas
1166 945 1240 981 ius—

55 1023 148 1047 sere.
191 1011 252 1057 Se,
273 1016 463 1060 quantum
484 1010 612 1046 decem
635 1010 837 1046 hominum
858 1010 1026 1058 ingeniis
1045 1009 1239 1058 provideri
1258 1026 1272 1050 3

56 1075 238 1123 potuerit,
268 1075 461 1121 omuibus,
484 1075 646 1111 summis
675 1075 908 1123 infimisque,
939 1075 1025 1110 iura
1053 1087 1239 1124 aequasse3

55 1138 143 1188 plus
161 1139 305 1188 pollere
325 1139 541 1174 multorum
561 1139 717 1187 ingenia
737 1139 983 1187 consiliaque.
1024 1138 1240 1175 Versarent
1257 1152 1272 1174 4

56 1204 97 1240 iu
125 1205 266 1240 animis
293 1217 420 1240 secum
442 1217 756 1253 unamquamque
775 1216 868 1250 rem,
889 1204 1084 1253 agitarent
1102 1204 1240 1241 deinde

55 1269 298 1306 sermonibus
324 1274 440 1317 atque
467 1269 509 1304 in
535 1268 718 1315 medium,
740 1269 835 1317 quid
861 1269 902 1304 in
921 1281 1074 1318 quaque
1094 1282 1135 1306 re
1154 1269 1241 1318 plus

56 1334 232 1370 minusve
251 1338 362 1377 esset,
384 1333 616 1369 conferrent.
668 1333 745 1369 Eas
763 1332 860 1382 legis
878 1333 1105 1369 habiturum
1124 1345 1240 1382 popu·
1258 1351 1271 1374 5

56 1399 136 1436 lum
158 1399 391 1444 Romanum,
413 1411 509 1447 quas
537 1411 747 1435 consensus
775 1398 949 1434 onmium
978 1411 1058 1434 non
1086 1399 1240 1435 iussisse

55 1462 155 1499 latas
187 1462 311 1510 magis
344 1475 459 1511 quam
493 1462 628 1498 tulisse
666 1461 789 1497 videri
827 1466 962 1510 posset.
1024 1461 1154 1506 Quum
1191 1463 1239 1498 ad
1257 1468 1272 1492 6

56 1540 228 1564 rumores
252 1527 452 1564 hominum
474 1528 520 1563 de
542 1539 774 1576 unoquoque
803 1526 931 1576 legum
961 1529 1088 1576 capite
1116 1528 1240 1564 editos

55 1593 149 1629 satis
179 1598 357 1630 correctae
391 1592 630 1638 viderentur,
652 1591 882 1637 centuriatis
912 1592 1079 1628 comitiis
1108 1592 1237 1629 decem

56 1657 280 1694 tabularum
318 1656 421 1705 leges
460 1656 615 1705 perlatae
659 1660 763 1701 sunt,
805 1668 889 1704 quae
931 1668 1035 1692 nuuc
1071 1669 1236 1706 quoque,

55 1723 94 1758 in
134 1722 204 1758 hoc
240 1722 429 1757 immenso
475 1721 640 1756 aliarum
686 1732 801 1769 super
838 1720 934 1756 alias
971 1725 1238 1757 acervatarum

56 1786 181 1835 legum
203 1785 367 1830 cumulo,
389 1785 474 1821 fons
494 1785 620 1821 omnis
639 1784 785 1833 publici
806 1783 1026 1832 privatique
1051 1789 1111 1821 est
1130 1785 1236 1822 iuris.

136 1850 333 1899 Vulgatur
378 1849 516 1886 deinde
563 1861 706 1894 rumor,
754 1848 850 1884 duas
896 1847 1025 1884 deesse
1073 1848 1238 1896 tabulas,
1257 1866 1271 1889 7

56 1915 197 1964 quibus
251 1913 412 1950 adiectis
461 1913 610 1949 absolvi
660 1924 767 1961 posse
820 1911 927 1947 velut
985 1933 1048 1958 Two
1059 1934 1145 1958 ωηο
1162 1934 1239 1963 being

56 1990 192 2027 corpus
229 1976 355 2013 omnis
392 1976 561 2012 Romani
598 1975 704 2012 iuris.
768 1974 826 2010 Ea.
863 1987 923 2010 ex·
951 1964 1239 2026 {ffiplgfflssffgdwd‘g

57 2041 254 2091 spectatio,
277 2053 398 2090 quum
423 2040 504 2077 dies
524 2039 768 2076 comitiorum
793 2050 926 2087 appro-
954 2025 1163 2092 {gffessssffiffifm
1177 2026 1240 2081 ἓξὲξ

57 2108 275 2156 pinquarct,
314 2105 546 2142 desiderium
585 2103 820 2141 decemviros
858 2102 924 2138 itc-
953 2087 1240 2153 ἒξῖἓέἓρῖᾄᾟζιὲζξ

57 2184 143 2208 rum
171 2170 326 2208 creandi
355 2170 456 2207 fecit.
514 2170 600 2206 Iam
629 2168 747 2218 plebs,
774 2172 925 2216 praeter-
954 2147 1242 2240 ἓξὲυῗὲἶιὲῗῖἒέἒ
1258 2175 1273 2198 8

57 2248 173 2285 quam
190 2235 294 2284 quod
313 2235 514 2272 consulum
533 2246 674 2271 nomen
693 2232 797 2268 haud
817 2244 926 2267 secus
953 2241 982 2263 or
995 2240 1115 2269 Appius:
1132 2239 1158 2263 in
1173 2239 1241 2270 spite
