1438 2466
139 117 189 153 76
663 114 725 151 LI
733 114 815 153 VII
957 115 1087 167 [A.U.c.
1115 117 1321 166 283—284

105 235 120 251 2
137 210 324 260 gauderet
359 209 515 258 ingenio
553 221 633 255 suo,
672 209 860 247 effecerat.
932 209 1042 246 Huic
1079 214 1199 247 tantae
1235 224 1320 248 con-

139 275 277 312 eordjae
305 274 414 311 ducis
442 274 712 322 exercitusque
739 286 818 310 non
845 274 929 311 ausi
958 274 1095 312 offerre
1123 288 1164 312 se
1182 276 1316 325 AEqui‚

139 339 274 388 vagari
305 337 624 388 populabundum
657 337 809 374 hostem
838 351 907 387 per
938 351 1050 387 agros
1083 339 1210 388 passi3
1251 353 1321 377 nec

140 403 220 440 ullo
250 407 342 439 ante
372 402 472 439 bello
509 402 628 438 latius
661 402 751 438 inde
781 406 875 439 actae
904 402 1051 452 praedae.
1111 403 1169 440 Ea
1196 404 1321 440 omnis

106 479 121 502 3
139 467 257 503 militi
286 466 377 503 data
405 470 471 503 est.
530 465 792 502 Addebantur
820 471 860 503 et
885 466 1030 512 laudes,
1051 467 1194 516 quibus
1215 467 1321 505 haud

139 531 268 567 minus
294 544 410 580 quam
436 531 593 579 praemio
615 530 787 580 gaudent
809 531 981 568 militum
1000 532 1132 568 animi.
1190 532 1318 576 Quum

139 596 240 642 duci,
274 599 360 632 tum
390 599 548 644 propter
581 595 717 632 ducem
749 596 925 645 patribus
954 608 1106 646 quoque
1134 597 1322 646 placatior

140 661 333 697 exercitus
362 660 476 706 redit,
510 660 585 697 sibi
610 665 820 709 parentem,
849 661 961 698 alteri
989 661 1179 698 exercitui
1204 661 1322 699 domi-

140 738 234 761 num
255 724 390 760 datum
409 724 458 760 ab
477 727 615 760 senatu
634 737 859 761 memorans.

107 805 122 827 4
222 789 345 826 Varia
370 788 528 826 fortuna
550 789 652 836 belli,
674 790 795 827 atroci
821 790 1011 827 discordia
1031 790 1135 828 domi
1153 791 1322 841 forisque

141 867 284 891 annum
325 858 506 891 exactum
545 853 737 903 insignem
775 854 946 891 maxime
983 854 1140 891 comitia
1176 855 1324 892 tributa

141 919 324 964 efficiunt,
353 931 413 956 res
441 919 564 955 maior
592 919 755 955 victoria
777 919 945 968 suscepti
964 919 1188 956 certaminis
1207 932 1324 969 quam

109 995 123 1019 5
142 998 225 1021 11511.
283 983 378 1020 Plus
410 983 515 1020 enim
547 983 753 1032 dignitatis
783 984 950 1021 comitiis
979 984 1073 1034 ipsis
1105 984 1324 1021 detractum

143 1054 201 1086 est
227 1049 405 1098 patribus
436 1061 485 1085 ex
514 1048 675 1085 concilio
707 1048 1005 1093 summovendis,
1036 1061 1152 1097 quam
1182 1049 1324 1085 virium

143 1118 212 1150 aut
230 1113 333 1162 plebi
353 1113 529 1149 additum
550 1117 608 1149 est
626 1117 695 1149 aut
713 1112 914 1162 demptum
934 1112 1120 1162 patribus.

75 1177 121 1214 61
224 1178 502 1215 Turbulentior
529 1178 619 1214 inde
647 1191 774 1214 annus
803 1178 965 1227 excepit,
998 1177 1042 1214 L.
1065 1177 1237 1224 Valerio,
1265 1177 1322 1214 Ti.

176 1272 352 1297 Prosecution
372 1271 402 1296 of
431 1242 596 1279 AEmilio
625 1242 858 1288 consulibus,
883 1254 1003 1290 quum
1027 1246 1184 1291 propter
1205 1246 1324 1278 certa-

113 1329 125 1345 2
145 1303 400 1359 fifflgssofflfflfflgss
432 1307 538 1343 mina
583 1306 764 1343 ordinum
811 1306 858 1343 de
904 1306 987 1355 lege
1033 1306 1193 1356 agraria,
1241 1310 1327 1342 tum

144 1366 196 1396 ing,
208 1365 262 1390 and
274 1365 362 1389 death·
433 1376 590 1422 propter
609 1370 797 1407 iudicium
817 1371 922 1420 App.
946 1370 1113 1417 Claudii,
1135 1370 1207 1416 cui,
1223 1382 1325 1406 acer-

146 1440 244 1476 rimo
282 1437 503 1476 adversario
540 1436 636 1486 legis
669 1448 899 1485 causamque
933 1448 1192 1484 possessorum
1230 1435 1325 1484 pub-

146 1505 211 1542 lici
265 1505 348 1553 agri
408 1507 594 1551 tanquam
641 1501 758 1537 tertio
805 1500 954 1537 consuli
999 1499 1221 1546 sustinenti,
1270 1499 1324 1536 M.

113 1588 127 1611 3
147 1570 320 1607 Duillius
345 1573 385 1605 et
410 1568 479 1604 Cn.
503 1565 650 1603 Siccius
675 1565 778 1602 diem
804 1565 944 1602 dixere.
1004 1564 1218 1614 Nunquam
1237 1568 1329 1601 ante

147 1640 227 1672 tam
264 1634 415 1670 invisus
451 1631 556 1681 plebi
593 1643 681 1667 reus
717 1630 767 1667 ad
795 1629 981 1667 iudicium
1010 1633 1169 1666 vocatus
1197 1628 1330 1678 populi

147 1703 214 1744 est,
276 1697 414 1747 plenus
471 1707 641 1738 suarum,
688 1693 826 1743 plenus
872 1698 1124 1742 paternarum
1169 1692 1325 1730 irarum.

113 1785 126 1804 ⁴
148 1764 285 1800 Patres
311 1773 464 1811 quoque
490 1773 568 1796 non
587 1764 733 1796 temere
752 1771 821 1807 pro
840 1759 920 1794 ullo
939 1770 1046 1807 aeque
1065 1756 1194 1794 annisi
1213 1760 1306 1794 sunt
1319 1771 1330 1804 ;

148 1832 474 1880 propugnatorem
506 1829 664 1862 senatus
694 1824 984 1872 maiestatisque
1018 1822 1210 1858 vindicem
1239 1834 1327 1868 suae,

148 1895 197 1931 ad
216 1905 348 1930 omnes
368 1890 598 1928 tribunicios
616 1889 862 1938 plebeiosque
881 1887 1101 1936 oppositum
1125 1886 1329 1932 tumultus,

148 1958 307 1995 modum
327 1957 534 1994 dumtaxat
552 1955 595 1991 in
617 1953 828 1990 certamine
853 1964 1057 2001 egressum,
1082 1951 1192 1988 iratae
1217 1951 1331 1988 obiici

117 2044 129 2066 5
149 2025 261 2075 plebi.
322 2022 440 2059 Unus
466 2034 486 2057 e
511 2019 688 2069 patribus
712 2018 795 2068 ipse
816 2018 920 2067 App.
944 2017 1131 2054 Claudius
1149 2021 1189 2053 et
1208 2016 1331 2053 tribu-

150 2103 219 2126 nos
247 2092 286 2125 et
314 2087 465 2136 plebem
493 2089 533 2122 et
560 2096 673 2120 suum
702 2083 890 2119 iudicium
915 2094 985 2131 pro
1010 2081 1134 2118 nihilo
1153 2080 1328 2119 habebat.

152 2154 271 2191 Illum
295 2164 376 2189 non
399 2151 513 2187 minae
536 2149 671 2199 plebis,
692 2161 770 2185 non
794 2152 951 2185 senatus
971 2160 1102 2196 preces
1121 2146 1331 2196 perpellere

151 2231 322 2269 unquam
355 2222 525 2266 potuere,
558 2229 635 2252 11011
669 2214 782 2251 modo
817 2219 860 2250 ut
897 2218 1038 2250 vestem
1068 2217 1238 2250 mutaret
1265 2218 1335 2249 aut
