1438 2466
119 141 168 178 22
637 139 787 177 LIVII
939 137 1070 189 [A.U.c.
1096 151 1299 189 253—-255

86 252 100 275 3
119 237 324 274 bellionem
344 241 516 286 spectare
535 248 596 273 res
624 235 840 273 videbatur.
898 236 1022 285 Super
1050 235 1142 272 belli
1170 235 1304 272 Latini

119 306 266 339 metum
286 302 325 339 id
345 314 497 351 quoque
517 305 738 346 accesserat,
759 301 860 350 quod
881 301 1044 350 triginta
1070 301 1147 337 iam
1173 302 1303 339 coniu-

120 379 222 404 rasse
250 367 421 416 populos,
443 366 662 403 concitante
691 365 856 403 Octavio
884 366 1074 412 Mamilio,
1096 367 1191 403 satis
1219 380 1304 403 con-

87 447 101 468 «ι
119 432 257 468 stabat.
301 432 350 467 In
370 431 441 467 hac
461 435 659 467 tantarum
679 430 969 479 exspectatione
989 443 1118 467 rerum
1139 431 1305 467 sollicita

121 497 292 542 civitate,
315 496 517 533 dictatoris
536 496 706 544 primum
726 495 882 532 creandi
900 495 1047 531 mentio
1076 499 1170 531 orta.
1229 495 1304 531 Sed

121 573 190 597 nec
219 560 360 609 quibus
389 559 622 606 consulibus,
651 559 743 607 quia
771 571 819 594 ex
848 558 1016 594 factione
1043 558 1306 607 Tarquiniana

122 629 250 662 essent
270 625 325 675 (id
346 637 499 674 quoque
519 623 622 660 enim
643 621 842 672 traditur),
864 636 1000 672 parurn
1027 623 1215 659 creditum
1243 623 1304 668 sit,

122 703 192 726 nec
226 689 312 739 quis
342 689 510 737 primum
543 688 712 724 dictator
741 692 892 724 creatus
922 687 984 733 sit,
1015 687 1108 724 satis
1141 691 1303 724 constat.

90 771 103 792 5
125 753 243 802 Apud
259 753 486 789 veterrimos
499 756 629 788 tamen
642 756 818 788 auctores
829 752 869 790 T.
887 752 1065 788 Larcium
1078 752 1306 788 dictatorem

122 818 301 867 primum,
325 817 387 865 Sp.
412 816 590 853 Cassium
616 817 843 865 magistrum
873 816 1049 865 equitum
1076 821 1223 852 creatos
1248 816 1305 851 in-

124 882 248 918 venio.
308 880 538 917 Consulares
566 881 691 930 legero
706 894 715 926 ;
748 880 805 916 ita
833 881 896 917 lex
924 881 1082 916 iubebat
1111 881 1158 917 de
1186 881 1305 916 dicta-

90 960 106 985 6
123 951 206 983 tore
226 946 390 983 creando
410 946 499 983 lata.
558 946 615 982 Eo
635 946 756 995 magis
775 946 955 991 adducor,
977 950 1023 982 ut
1041 945 1193 982 credam
1218 945 1307 981 Lar-

123 1011 236 1056 cium,
259 1009 327 1059 qui
355 1010 566 1046 consularis
594 1014 688 1055 erat,
711 1009 840 1059 potius
868 1022 982 1059 quam
1015 1009 1080 1045 Μ’.
1105 1008 1307 1052 Valerium

124 1076 180 1113 M.
202 1075 326 1111 filium
346 1074 482 1111 Volesi
507 1080 698 1123 nepotem,
719 1075 788 1124 qui
814 1075 985 1111 nondum
1014 1074 1146 1111 consul
1167 1073 1305 1118 fuerat,

123 1139 405 1176 moderatorem
443 1143 482 1175 et
519 1139 748 1187 magistrum
792 1139 1016 1175 consulibus
1062 1138 1306 1188 appositum;

90 1223 104 1247 7
123 1205 227 1253 quia,
249 1204 282 1240 si
301 1205 470 1240 maxime
489 1216 538 1239 ex
557 1217 602 1240 ea
619 1203 769 1240 familia
792 1203 865 1252 legi
895 1203 1122 1240 dictatorem
1151 1203 1307 1247 vellent,

124 1273 273 1318 patrem
303 1268 428 1304 multo
450 1268 580 1316 potius
608 1267 663 1304 M.
696 1268 910 1314 Valerium,
942 1271 1122 1316 spectatae
1151 1266 1310 1302 virtutis

125 1339 164 1369 et
184 1331 423 1368 consularem
443 1331 582 1377 virum,
605 1331 795 1380 legissent.

91 1411 106 1435 8
205 1396 345 1433 Orcato
364 1396 553 1432 dictatore
574 1395 741 1445 primum
760 1396 904 1442 Romae,
919 1400 1120 1445 postquam
1139 1393 1310 1444 praeferri

126 1474 277 1499 secures
306 1461 499 1507 viderunt,
530 1474 692 1509 magnus
725 1461 877 1510 plebem
909 1466 1035 1498 metus
1068 1461 1235 1505 incessit,
1266 1466 1312 1496 ut

128 1526 358 1563 intentiores
377 1529 506 1562 essent
525 1526 573 1561 ad
593 1526 696 1562 dicto
715 1526 928 1574 parendum
943 1539 952 1572 3
982 1539 1107 1574 neque
1130 1525 1243 1569 enim,
1267 1529 1312 1560 ut

126 1591 168 1627 in
188 1590 420 1634 consulibus,
442 1589 509 1639 qui
530 1590 612 1638 pari
632 1594 825 1638 potestate
845 1595 982 1636 essent,
1011 1590 1172 1626 alterius
1199 1589 1313 1625 auxi-

127 1656 222 1693 lium
244 1668 368 1704 neque
388 1655 611 1704 provocatio
637 1658 721 1690 orat
744 1668 868 1703 noque
895 1655 1018 1690 ullum
1045 1667 1207 1703 usquam
1235 1653 1310 1690 nisi

92 1741 107 1764 9
127 1722 169 1758 in
207 1734 298 1757 cura
330 1720 490 1770 parendi
535 1720 736 1756 auxilium.
797 1720 952 1756 Sabinis
998 1720 1115 1755 etiam
1162 1723 1314 1755 creatus

128 1788 262 1823 Romae
294 1786 472 1830 dictator,
503 1797 548 1821 oo
579 1785 710 1833 magis,
741 1784 845 1834 quod
876 1788 1035 1833 propter
1066 1797 1105 1819 sc
1141 1787 1313 1819 creatum

128 1852 381 1897 crediderant,
402 1854 549 1886 metum
570 1849 741 1887 incussit.
802 1850 943 1899 Itaque
972 1849 1119 1898 legatos
1147 1849 1193 1885 de
1222 1861 1314 1897 pace

81 1917 303 1955 101nittunt.
363 1915 513 1960 Quibus
540 1914 743 1951 orantibus
778 1914 1006 1950 dictatorem
1045 1917 1312 1962 senatumque,

130 1986 175 2018 ut
205 1981 358 2018 veniam
391 1979 530 2016 erroris
560 1979 783 2015 hominibus
816 1978 1126 2014 :ulolesccntibus
1164 1978 1312 2021 darent,

131 2059 365 2096 responsum,
396 2044 543 2093 ignosci
572 2044 878 2080 adolescentibus
906 2056 1026 2092 possc,
1054 2043 1210 2079 senibus
1238 2055 1314 2078 non

83 2137 108 2153 ,ι
141 2125 249 2157 msso,
273 2111 338 2160 qui
360 2110 460 2146 bella
478 2122 525 2145 ex
547 2109 658 2144 bellis
683 2113 868 2145 sererent.
926 2109 1070 2144 Actum
1100 2112 1231 2143 tamon
1259 2112 1317 2143 ost,

132 2179 178 2215 «lc
199 2190 299 2227 paco,
324 2177 606 2225 impetrataque
634 2175 742 2219 foret,
764 2174 808 2216 si,
831 2174 931 2222 quod
962 2173 1144 2222 impensa!
1173 2173 1314 2208 finctum

133 2243 173 2279 in
203 2242 345 2277 bollum
377 2245 470 2283 orat„
493 2245 674 2290 pnes-iuro
704 2239 834 2275 Sabini
869 2239 922 2286 (id
952 2239 1053 2273 onim
1077 2237 1314 2287 postulatum
