1438 2466
139 129 188 168 74
660 127 721 164 LI
729 127 811 165 VII
1093 124 1224 178 [A.U.c.
1248 127 1320 174 283

140 232 239 268 vitia
285 231 420 280 Appii,
467 244 551 280 quae
595 230 712 277 domi,
751 242 844 275 esse,
884 229 1052 276 liberior,
1092 229 1196 278 quod
1240 229 1324 266 sine

108 311 122 334 s
140 297 361 334 tribuniciis
393 295 561 332 vinculis
591 299 683 332 erat.
743 295 879 332 Odisse
909 295 1061 344 plebem
1092 294 1180 343 plus
1207 306 1324 343 quam

140 367 301 412 paterno
338 362 443 399 odio:
491 374 531 398 se
561 361 708 397 victum
746 361 795 396 ab
833 373 877 397 ea
889 373 900 406 3
947 373 988 396 se
1025 359 1140 396 unico
1170 359 1325 396 consule

142 427 264 463 electo
310 425 494 462 adversus
541 424 794 461 tribuniciam
840 428 1084 473 potestatem,
1137 423 1325 472 perlatam

141 491 264 540 legem
297 502 388 535 esse,
423 501 540 538 quam
577 488 725 525 minore
754 492 906 536 conatu,
939 500 1184 538 nequaquam
1216 491 1326 524 tanta

109 567 125 592 6
142 559 296 604 patrum
331 567 408 603 spe,
438 553 584 603 priores
614 553 864 602 impedierint
895 553 1080 590 consules.
1145 551 1241 588 Haec
1269 552 1328 588 ira

143 618 436 668 indignatioque
473 617 639 655 ferocem
677 618 851 654 animum
889 618 938 654 ad
974 617 1197 654 vexandum
1228 629 1328 653 saevo

144 684 306 733 imperio
339 683 552 720 exercitum
583 682 820 720 stimulabat.
879 682 964 719 Nec
994 682 1076 719 ulla
1104 681 1145 717 vi
1179 680 1327 717 domari

113 770 127 794 7
144 751 319 797 poterat;
352 751 509 784 tantum
538 751 735 784 certamen
763 746 903 783 animis
931 747 1179 784 imbiberant.
1238 746 1328 795 Seg-

145 811 258 858 niter,
287 811 419 857 otiose,
447 811 698 860 negligenter,
727 810 1010 847 contumaciter
1038 810 1169 847 omnia
1196 822 1329 859 agere,

145 889 216 914 nec
247 876 372 926 pudor
395 888 464 913 nec
492 880 619 913 metus
647 876 856 912 coercebat.
914 875 956 911 Si
984 875 1100 911 citius
1127 875 1189 924 agi
1213 874 1332 911 vellet

146 954 294 991 agmen,
322 941 472 978 tardius
501 940 634 977 sedulo
660 940 863 987 incedere,
891 940 925 977 si
953 940 1181 977 adhortator
1208 938 1332 988 operis

146 1005 308 1053 adesset,
348 1017 481 1041 omnes
518 1007 942 1053 sua—spontewmotam
973 1002 1170 1039 remittere
1200 1002 1330 1038 indus-

116 1079 130 1103 3
148 1067 291 1114 triam,
328 1066 513 1116 praesenti
540 1066 675 1103 vultus
703 1066 920 1110 demittere,
952 1065 1070 1102 tacite
1098 1070 1333 1114 praetereun-

148 1137 226 1169 tem
259 1132 461 1179 exsecrari,
495 1136 541 1169 ut
573 1132 744 1169 invictus
774 1131 840 1168 1116
878 1132 965 1168 odio
998 1131 1148 1181 plebeio
1180 1130 1334 1167 animus

114 1211 131 1236 9
149 1197 346 1234 interdum
383 1201 611 1236 moveretur.
674 1196 793 1233 Omni
830 1196 1087 1245 nequicquam
1124 1195 1334 1232 acerbitate

149 1266 340 1315 prompta,
361 1260 462 1297 nihil
486 1260 566 1297 iam
591 1273 679 1297 cum
699 1260 892 1296 militibus
911 1273 1046 1310 agere3
1077 1274 1099 1296 a
1118 1259 1336 1296 centurion-

150 1327 238 1363 ibus
275 1330 500 1375 corruptum
539 1325 754 1362 exercitum
792 1325 942 1371 dicere3
994 1325 1173 1361 tribunos
1210 1323 1336 1373 plebei

82 1392 130 1430 59
150 1391 336 1429 cavillans
355 1391 554 1428 interdum
574 1396 614 1428 et
633 1391 850 1428 Volerones
871 1403 1017 1427 vocare.
1069 1389 1183 1426 Nihil
1204 1401 1335 1426 eorum

151 1455 284 1492 Volsci
313 1456 547 1502 nesciebant,
582 1456 860 1504 instabantque
889 1468 934 1492 eo
963 1455 1093 1504 magis,
1124 1458 1333 1504 sperantes,

151 1521 254 1557 idem
287 1525 482 1558 certamen
512 1520 730 1557 animorum
763 1520 946 1557 adversus
978 1519 1155 1569 Appium
1184 1518 1337 1555 habitu-

151 1599 238 1622 rnm
276 1587 492 1623 exercitum
531 1586 763 1632 Romanum,
804 1585 906 1635 quod
945 1585 1132 1622 adversus
1170 1583 1335 1620 Fabium

119 1667 134 1683 2
152 1650 348 1687 consulem
385 1651 592 1688 habuisset.
671 1651 853 1688 Ceterum
892 1650 1017 1687 multo
1054 1649 1187 1699 Appio
1220 1661 1336 1698 quam

153 1715 274 1752 Fabio
312 1715 522 1751 violentior
558 1715 661 1763 fuit,
706 1728 785 1752 non
833 1714 937 1752 enim
982 1715 1135 1751 vincere
1181 1718 1337 1750 tantum

152 1779 290 1825 noluit,
312 1784 358 1815 ut
384 1779 582 1816 Fabianus
607 1780 813 1825 exercitus,
840 1780 905 1816 sed
927 1780 1031 1816 vinci
1052 1779 1187 1816 voluit.
1247 1778 1338 1815 Pro-

153 1846 293 1882 ductus
312 1845 354 1881 in
373 1845 495 1881 aciem
516 1846 623 1894 turpi
643 1846 734 1894 fuga
754 1846 854 1894 petit
873 1849 1010 1891 castra,
1032 1858 1102 1882 nec
1121 1848 1212 1881 ante
1232 1843 1337 1881 resti-

153 1911 214 1957 tit,
237 1923 352 1960 quam
372 1910 482 1959 signa
501 1910 736 1947 inferentem
757 1910 944 1947 Volscum
965 1909 1219 1947 munimentis
1238 1909 1339 1946 vidit

120 1992 134 2016 3
152 1975 370 2024 foedamque
407 1974 571 2011 extremi
608 1975 773 2024 agminis
810 1975 960 2011 caedem.
1023 1975 1121 2011 Tum
1159 1986 1339 2026 expressa

154 2039 213 2075 vis
235 2039 284 2075 ad
307 2039 571 2087 pugnandum,
594 2043 639 2075 ut
658 2039 785 2076 victor
810 2039 888 2075 iam
916 2053 937 2075 a
959 2040 1060 2076 vallo
1081 2051 1337 2076 summovere·

154 2108 220 2139 tur
242 2102 374 2148 hostis,
401 2103 495 2139 satis
522 2107 653 2139 tamen
682 2108 895 2152 appareret,
922 2104 1007 2153 capi
1037 2108 1190 2140 tantum
1213 2108 1338 2141 castra

154 2167 318 2203 militem
349 2167 572 2204 Romanum
607 2168 786 2214 noluisse,
821 2168 898 2204 alia
929 2169 1096 2218 gaudere
1128 2181 1197 2205 sua
1230 2167 1337 2205 clade

123 2251 136 2273 4
155 2236 272 2280 atque
294 2231 518 2280 ignominia.
578 2231 729 2276 Quibus
755 2231 853 2268 nihil
878 2231 1066 2269 infractus
1086 2232 1194 2270 ferox
1214 2232 1336 2283 Appii
