1438 2466
125 118 173 154 56
642 114 788 152 LIVII
1074 110 1202 165 [A.U.c.
1229 125 1304 162 274

125 228 174 252 ex
204 228 282 252 una
312 215 461 261 factas3
501 226 589 250 suos
622 213 762 263 cuique
789 213 892 263 parti
925 212 1186 262 magistratus,
1216 227 1304 251 suas

76 301 108 317 10
125 280 227 329 leges
255 293 346 317 esse.
404 279 581 316 Primum
610 279 648 314 in
681 279 886 315 dilectibus
911 279 1046 315 saevire
1066 278 1207 327 solitos,
1230 292 1305 316 eos-

127 345 212 381 dem
243 345 285 381 in
317 344 418 381 bello
446 348 578 381 tamen
606 343 778 392 paruisse
807 344 978 381 ducibus.
1037 343 1307 394 Qualicunque

127 409 234 446 urbis
253 413 370 455 statu,
392 412 574 445 manente
593 407 799 457 disciplina
821 407 983 444 militari
1001 407 1085 444 sisti
1113 408 1306 457 potuisse3

127 475 204 511 iam
233 486 311 510 non
339 473 501 522 parendi
528 472 821 522 magistratibus
846 485 993 509 morem
1011 472 1054 508 in
1074 475 1200 509 castra
1218 485 1308 521 quo-

80 559 108 575 n
129 553 202 589 que
223 539 445 576 Romanum
464 537 630 574 militem
650 537 769 587 sequi.
828 537 1012 575 Proximo
1031 537 1132 574 bello
1157 537 1199 573 in
1226 537 1309 586 ipsa

129 604 219 650 acie,
243 604 286 640 in
315 603 399 653 ipso
429 601 649 647 certamine,
680 614 866 639 consensu
900 602 1094 639 exercitus
1123 602 1309 639 traditam

80 695 85 701 .
128 669 232 706 ultro
253 667 456 706 victoriam
475 667 590 704 victis
610 666 765 716 AEquis,
786 667 896 716 signa
924 666 1085 712 deserta,
1107 667 1310 716 imperato-

81 749 110 765 12
129 746 211 770 rem
230 733 272 769 in
291 731 372 769 acie
390 730 579 776 relictum,
601 730 751 767 iniussu
770 731 812 767 in
831 735 957 768 castra
982 731 1161 768 reditum.
1220 731 1311 768 Pro-

130 797 240 842 fecto,
262 796 296 832 si
314 796 493 841 instetur,
514 807 582 832 suo
603 794 726 831 milite
746 795 851 832 vinci
872 795 1036 832 Romam
1061 808 1179 844 posse.
1238 795 1309 831 Ni-

131 861 187 898 hil
219 860 327 898 aliud
360 872 456 909 opus
488 872 569 897 esse
602 871 717 908 quam
747 860 867 897 indici
892 861 1117 911 ostendique
1143 861 1288 897 bellum
1300 874 1311 908 ;

132 929 258 963 cetera
294 938 364 962 sua
402 928 537 974 sponte
575 924 656 961 fata
687 929 727 962 et
757 924 847 961 deos
879 928 1063 974 gesturos.
1122 925 1197 961 Hae
1228 937 1313 974 spes

134 989 318 1026 Etruscos
345 991 602 1034 armaverant,
628 988 763 1025 multis
791 988 833 1024 in
862 988 984 1024 vicem
1013 988 1162 1024 casibus
1190 988 1314 1025 victos

63 1053 112 1091 45
134 1054 386 1103 victoresque.
445 1052 630 1090 Consules
649 1065 802 1102 quoque
822 1053 991 1089 Romani
1010 1052 1109 1089 nihil
1129 1058 1314 1102 praeterea

135 1118 240 1155 aliud
261 1131 377 1167 quam
397 1130 485 1154 suas
505 1117 618 1164 vires,
640 1130 710 1154 sua
734 1130 841 1154 arma
865 1117 1101 1165 horrebant3
1129 1118 1315 1154 memoria

134 1183 292 1234 pessimi
310 1182 489 1232 proximo
508 1183 609 1219 bello
637 1183 805 1232 exempli
833 1183 1014 1228 terrebat,
1034 1195 1082 1219 ne
1110 1195 1192 1219 rem
1219 1195 1316 1220 com-

136 1249 339 1286 mitterent
378 1260 431 1293 eo,
467 1248 533 1284 ubi
567 1247 652 1284 duae
682 1247 797 1284 simul
828 1247 929 1284 acies
961 1246 1142 1284 timendae
1175 1251 1312 1284 essent.

102 1331 116 1347 2
136 1314 276 1362 Itaque
297 1312 432 1349 castris
452 1325 491 1349 se
503 1312 700 1357 tenebant,
721 1316 801 1349 tam
814 1311 975 1360 ancipiti
991 1311 1160 1361 periculo
1172 1312 1316 1354 aversi:

137 1378 239 1415 diem
259 1382 488 1426 tempusque
507 1377 669 1413 forsitan
691 1377 818 1426 ipsum
837 1375 1051 1412 leniturum
1071 1376 1148 1412 iras
1173 1376 1315 1412 sanita-

104 1456 119 1480 3
138 1447 293 1492 temque
322 1442 462 1478 animis
491 1441 712 1478 allaturum.
771 1440 917 1477 Veiens
946 1440 1066 1477 hostis
1087 1440 1318 1489 Etruscique

138 1520 182 1544 eo
219 1506 341 1556 magis
377 1517 618 1555 praepropere
655 1517 794 1553 agere;
841 1504 1024 1541 lacessere
1061 1504 1110 1541 ad
1147 1518 1317 1554 pugnam

139 1571 262 1621 primo
283 1569 542 1619 obequitando
561 1569 697 1605 castris
709 1568 1038 1618 provocandoque,
1052 1572 1257 1617 postremo,
1273 1572 1319 1604 ut

139 1636 238 1672 1111111
257 1635 477 1680 movebant,
500 1647 576 1683 qua
596 1633 770 1670 consules
789 1633 901 1681 ipsos,
924 1645 1001 1681 qua
1025 1633 1239 1669 exercitum
1264 1632 1320 1668 in-

106 1716 121 1738 4
140 1699 329 1749 crepando
345 1713 352 1736 ε
381 1698 667 1736 simulationem
687 1697 882 1734 intestinae
897 1696 1092 1733 discordiae
1108 1696 1319 1733 remedium

140 1765 291 1803 timoris
328 1765 543 1809 inventum,
575 1767 615 1800 et
652 1762 828 1799 consules
864 1761 986 1810 magis
1019 1774 1098 1798 non
1131 1760 1320 1798 confidere

141 1842 256 1879 quam
285 1841 365 1865 non
397 1827 550 1864 credere
580 1827 660 1863 suis
693 1826 884 1863 militibus
897 1839 907 1872 3
947 1838 1092 1862 novum
1121 1825 1321 1861 seditionis

141 1906 274 1943 genus,
295 1893 492 1930 silentium
513 1892 712 1940 otiumque
733 1891 835 1927 inter
853 1894 1031 1927 armat-os.
1089 1889 1155 1926 Ad
1174 1889 1255 1926 haec
1281 1890 1321 1926 in

142 1958 358 1996 novitatem
395 1957 545 2007 generis
583 1956 818 2005 originisque
856 1967 932 2004 qua
968 1953 1077 2000 falsa,
1117 1967 1194 2002 qua
1229 1967 1322 1991 vera

111 2042 124 2066 5
143 2027 275 2064 iacere.
335 2025 431 2061 Haec
462 2036 581 2073 quum
615 2023 686 2059 sub
717 2023 798 2071 ipso
827 2022 929 2058 vallo
957 2021 1155 2071 portisque
1183 2025 1323 2070 strepe-

144 2095 243 2136 rent,
264 2089 368 2126 haud
388 2101 486 2138 aegre
505 2087 679 2125 consules
699 2086 780 2136 pati
799 2099 807 2131 3
837 2090 877 2122 at
896 2085 1083 2134 imperitae
1104 2084 1321 2121 multitudi-

146 2156 187 2192 ni
208 2167 310 2191 nunc
330 2152 558 2202 indignatio,
581 2165 683 2188 nunc
703 2151 826 2200 pudor
847 2154 1001 2199 pectora
1030 2161 1181 2185 versare
1209 2153 1249 2185 et
1276 2149 1324 2184 ab

146 2218 344 2257 intestinis
373 2222 548 2254 avertere
578 2216 711 2254 malis:
745 2215 847 2251 nolle
876 2214 1022 2250 inultos
1055 2213 1192 2255 hostes,
1224 2213 1326 2249 nolle
