1438 2466
102 149 206 176 ωε.
230 136 323 189 464]
549 138 717 175 LIBER
755 138 837 176 [η.
1232 141 1281 178 85

101 233 254 283 AEquos
286 235 456 272 descisse.
515 235 701 284 Suspecta
738 239 778 272 et
810 236 957 273 colonia
988 237 1154 274 Antium
1194 237 1280 283 fuit,

100 297 202 347 quod
230 311 370 347 magna
398 298 456 335 vis
484 298 684 334 homiuum
714 298 816 344 inde,
836 312 955 348 quum
985 300 1167 348 oppidum
1200 313 1281 348 cap-

102 369 184 400 tum
217 367 327 408 esset,
362 362 596 412 confugisset
631 362 679 399 ad
710 363 861 411 AEquos
875 376 885 409 3
922 364 1030 412 isque
1067 363 1177 400 miles
1214 376 1282 413 per

101 426 246 464 bellum
267 426 479 476 AEquicum
499 426 560 463 vel
575 427 784 463 acerrimus
799 426 899 473 fuit,
919 427 1124 476 compulsis
1143 427 1281 463 deinde
1303 440 1317 463 ⁴

103 493 144 529 in
162 493 303 542 oppida
331 492 484 541 AEquis,
506 504 550 527 ea
573 491 786 528 multitudo
806 492 953 541 dilapsa
973 505 1091 541 quum
1112 492 1277 528 Antium

99 556 271 602 redisset,
292 569 363 593 sua
389 560 528 605 sponte
557 556 633 591 iam
662 555 799 592 infidos
827 555 981 591 colonos
1006 555 1192 591 Romanis
1220 556 1282 591 ab-

97 621 292 658 alienavit.
351 620 526 657 Necdum
554 625 707 656 matura
734 633 775 656 re
802 633 922 669 quum
946 620 1200 657 defectionem
1220 633 1281 669 pa·
1303 634 1317 657 5

83 685 174 727 ‚rari
202 685 373 722 delatum
395 685 443 721 ad
475 689 652 721 senatum
681 690 795 729 esset,
826 685 962 721 datum
990 686 1188 734 negotium
1223 691 1282 722 est

98 750 328 796 consulibus,
365 754 419 797 ut,
457 749 698 798 principibus
735 749 892 786 coloniae
930 750 1095 786 Romam
1132 750 1279 796 excitis,

98 818 327 864 quaererent,
359 814 452 863 quid
479 815 535 851 rei
564 818 673 852 esset.
731 814 808 858 Qui
836 827 955 863 quum
993 815 1097 851 haud
1123 819 1282 864 gravate
1302 826 1318 850 ὁ

98 878 306 923 venissent,
345 877 562 914 introducti
604 890 627 914 a
670 878 891 914 consulibus
928 878 977 914 ad
1014 882 1190 914 senatum
1227 879 1283 914 ita

97 941 379 991 responderunt
402 941 451 978 ad
474 941 724 990 interrogata,
746 946 791 978 ut
818 943 940 991 magis
963 941 1141 990 suspecti,
1167 954 1280 990 quam

100 1010 296 1052 venerant,
324 1006 624 1044 dimitterentur.
685 1007 838 1043 Bellum
867 1006 958 1042 inde
986 1006 1089 1042 haud
1119 1005 1279 1042 dubium
1303 1025 1318 1048 7

97 1070 240 1108 haberi.
298 1070 361 1120 Sp.
391 1071 543 1117 Furius,
564 1071 763 1107 consulum
791 1070 900 1117 alter,
923 1070 984 1106 cui
1012 1083 1056 1106 ea
1083 1069 1283 1119 provincia

98 1139 293 1181 evenerat,
327 1134 523 1183 profectus
555 1135 597 1170 in
630 1134 791 1183 :Equos
823 1134 1081 1170 Hernicorum
1114 1134 1154 1169 in
1190 1146 1282 1182 agro

98 1199 414 1249 populabundum
456 1199 605 1235 hostem
643 1198 805 1245 invenit,
845 1198 1076 1247 ignarusque
1109 1197 1282 1234 multitu-

98 1264 212 1311 dinis,
242 1264 334 1314 quia
370 1277 558 1313 nusquam
597 1264 778 1300 universa
806 1267 1008 1312 conspecta
1037 1263 1176 1309 fuerat,
1208 1263 1279 1299 im-

98 1342 230 1379 parem
251 1328 372 1378 copiis
390 1328 603 1365 exercitum
623 1333 767 1364 temere
786 1340 924 1377 pugnae
943 1327 1144 1365 commisit.
1199 1327 1281 1363 Pri-
1303 1341 1317 1365 8

99 1406 162 1431 mo
190 1405 378 1430 concursu
406 1392 541 1442 pulsus
572 1405 613 1429 se
645 1392 749 1429 intra
779 1396 906 1429 castra
930 1391 1084 1440 recepit.
1144 1391 1282 1440 Neque

99 1458 133 1494 is
169 1457 257 1494 finis
286 1456 447 1507 periculi
483 1457 583 1503 fuit3
620 1469 786 1505 namque
823 1460 862 1492 et
892 1455 1068 1505 proxima
1100 1459 1211 1491 nocte
1244 1459 1283 1491 et

100 1526 253 1572 postero
289 1521 351 1558 die
378 1525 490 1558 tanta
518 1521 558 1557 vi
588 1526 714 1557 castra
750 1526 842 1557 sunt
882 1520 1130 1557 circumsessa
1167 1524 1282 1568 atque

101 1591 333 1637 oppugnata,
354 1591 400 1622 ut
422 1599 470 1623 ne
492 1585 656 1622 nuntius
684 1585 840 1635 quidem
864 1585 955 1622 inde
983 1584 1089 1621 mitti
1118 1584 1281 1621 Romam

101 1655 239 1701 posset.
296 1650 461 1688 Hernici
485 1655 525 1687 et
547 1650 645 1687 male
665 1654 880 1699 pugnatum
900 1654 940 1686 et
959 1649 1154 1686 consulem
1176 1661 1281 1685 exer·
1304 1669 1320 1693 9

103 1717 299 1766 citumque
326 1715 494 1752 obsideri
523 1714 815 1759 nuntiaverunt,
836 1718 1068 1763 tantumque
1097 1718 1280 1751 terrorem

103 1783 295 1820 incussere
330 1783 519 1832 patribus,
551 1786 606 1829 ut,
639 1795 723 1832 quae
761 1782 886 1819 forma
923 1787 1081 1819 senatus
1117 1783 1282 1819 consulti

103 1848 251 1885 ultimae
269 1859 419 1897 semper
437 1847 675 1884 necessitatis
694 1848 827 1884 habita
845 1852 914 1894 est,
937 1847 1149 1893 Postumio,
1170 1848 1283 1884 alteri

104 1911 316 1956 consulum,
355 1912 553 1961 negotium
600 1912 767 1957 daretur,
808 1911 969 1957 videret,
1008 1924 1056 1947 ne
1092 1911 1185 1960 quid
1223 1924 1283 1948 res

104 1977 258 2026 publica
287 1976 513 2014 detrimenti
543 1981 705 2026 caperet.
753 1976 888 2025 Ipsum
922 1975 1115 2012 consulem
1151 1975 1283 2013 Romae
1309 1998 1338 2015 10

105 2053 259 2078 manere
284 2041 332 2077 ad
361 2041 653 2078 conscribendos
681 2053 824 2086 omnes,
849 2041 915 2090 qui
944 2053 1050 2076 arma
1077 2040 1176 2076 ferre
1204 2053 1285 2089 pos-

105 2109 203 2151 sent,
223 2104 414 2154 optimum
442 2105 568 2142 visum
594 2109 652 2142 est
666 2119 676 2152 ;
701 2118 770 2154 pro
802 2104 957 2141 consule
985 2104 1024 2140 T.
1058 2103 1282 2148 Quinctium

106 2168 278 2207 subsidio
309 2169 444 2205 castris
470 2182 557 2206 cum
590 2169 721 2207 sociali
750 2169 923 2206 exercitu
954 2168 1060 2205 mitti
1072 2181 1082 2214 ;
1115 2168 1164 2205 ad
1196 2181 1283 2206 eum
1310 2189 1335 2205 ιι

107 2233 339 2283 explendum
366 2233 499 2270 Latini
519 2234 760 2283 Hernicique
779 2239 818 2270 et
837 2233 987 2270 colonia
1006 2233 1173 2270 Antium
1193 2234 1284 2271 dare
