1438 2466
150 144 257 172 ΔΒΗ.
286 131 510 185 505—501]
606 132 774 169 LIBER
810 132 868 170 II.
1281 136 1325 172 21

151 233 246 270 tiam
266 231 504 281 compulsum
524 236 592 268 est.
644 230 684 267 N
687 243 728 268 ec
751 231 874 280 magis
899 235 985 280 post
1013 231 1190 280 proelium
1214 245 1329 281 quam
1348 247 1364 272 9

150 297 193 334 in
211 297 345 347 proelio
363 295 530 333 caedibus
555 300 813 345 temperatum
841 300 923 332 est:
952 300 992 333 et
1017 296 1102 332 caesi
1128 295 1330 346 aliquanto

151 362 280 412 plures
298 365 411 399 erant
437 373 554 410 quam
583 361 695 410 capti,
717 365 758 398 et
785 365 916 410 captos
944 361 1086 410 passim
1114 361 1330 397 trucidave-

150 428 267 472 runt;
303 437 353 461 ne
380 424 429 460 ab
456 423 653 460 obsidibus
680 423 850 472 quidem,
879 424 947 473 qui
984 424 1148 461 trecenti
1185 424 1331 473 accepti

149 501 310 526 numero
328 493 448 533 erant,
470 488 530 524 ira
549 488 639 524 belli
659 489 860 525 abstinuit.
920 488 972 525 Et
990 488 1062 525 hoe
1081 501 1182 525 anno
1198 489 1331 524 Roxnae

149 552 446 602 triumphatum.

229 615 360 653 Secuti
399 615 572 653 consules
618 615 757 665 Opiter
801 615 1025 665 Verginius,
1066 616 1128 666 Sp.
1178 616 1332 653 Cassius
1353 621 1400 659 1¹7

107 710 111 713 .
150 680 367 718 Pometiam
396 680 521 730 primo
553 680 604 726 vi,
635 679 774 716 deinde
801 680 927 717 vineis
959 681 1121 730 aliisque
1152 681 1332 730 operibus

149 749 434 795 oppugnarunt.
481 744 530 781 In
549 757 646 794 quos
665 745 845 782 Aurunci
864 746 986 795 magis
1005 745 1083 782 iam
1102 745 1331 795 inexpiabili
1351 768 1365 784 2

148 809 236 847 odio
255 821 370 858 quam
390 821 456 858 spe
475 808 606 858 aliqua
622 812 693 845 aut
711 809 907 845 occasione
919 809 1052 855 coorti,
1068 822 1187 858 quum
1200 809 1331 858 plures

148 874 230 923 igni
248 886 366 924 quam
384 874 484 910 ferro
503 873 644 910 armati
664 873 985 920 excucurrsssent,
1006 873 1108 910 caede
1137 874 1333 911 incendio-

147 950 223 988 que
242 942 382 974 cuncta
400 936 602 986 complent.
648 936 786 973 Vineis
805 937 982 983 incensis,
1006 937 1142 974 multis
1162 937 1332 974 hostium
1351 955 1366 978 3

149 1001 364 1039 vulneratis
391 1005 431 1038 et
458 1001 601 1047 occisis,
631 1001 833 1038 consulum
864 1013 1017 1050 quoque
1053 1001 1220 1038 alterum
1252 1002 1333 1051 (sed

148 1079 289 1103 nomen
307 1070 482 1102 auctores
507 1078 585 1102 non
611 1065 815 1114 adiiciunt)
836 1066 947 1114 gravi
974 1065 1136 1103 vulnere
1159 1079 1207 1103 ex
1234 1079 1332 1116 equo

148 1129 340 1166 deiectum
377 1141 495 1178 prope
533 1129 824 1167 interfecerunt.
884 1129 1050 1166 Romam
1097 1129 1187 1166 inde
1232 1129 1332 1166 male
1351 1152 1365 1173 ⁴

147 1197 257 1243 gesta
275 1206 316 1230 re
335 1194 504 1230 reditum
521 1207 531 1240 ;
559 1193 664 1230 inter
682 1193 826 1230 multos
846 1193 993 1230 saucios
1021 1194 1155 1231 consul
1183 1207 1250 1243 spe
1276 1194 1333 1230 in-

148 1260 253 1293 certa
289 1256 382 1292 vitae
419 1256 574 1292 relatus.
633 1256 846 1294 Interiecto
882 1256 1023 1294 deinde
1060 1257 1164 1294 haud
1192 1270 1331 1307 magno

147 1319 285 1369 spatio,
306 1319 408 1369 quod
428 1319 655 1356 vulneribus
674 1319 857 1356 curandis
876 1321 1167 1370 supplendoque
1186 1321 1329 1358 exerci-

147 1382 208 1419 tui
237 1383 331 1419 satis
360 1386 469 1427 esset,
499 1394 620 1431 quum
647 1382 705 1418 ira
737 1383 892 1430 maiore,
922 1387 1007 1420 tum
1035 1384 1186 1421 viribus
1210 1384 1328 1421 etiam

147 1447 272 1483 auctis
290 1446 474 1483 Pometia}
494 1459 602 1483 arma
620 1446 740 1483 illata.
800 1447 851 1496 Et
870 1460 1001 1497 quum,
1024 1448 1149 1485 vineis
1175 1448 1331 1486 refectis
1349 1469 1364 1492 5

147 1512 300 1561 aliaque
327 1511 427 1548 mole
452 1511 556 1557 belli,
578 1512 655 1548 iam
684 1512 726 1548 in
754 1525 798 1548 eo
826 1517 935 1559 esset,
957 1517 1002 1549 ut
1025 1513 1067 1549 in
1095 1526 1226 1550 muros
1245 1526 1329 1550 eva-

148 1575 258 1613 deret
275 1575 398 1621 miles,
419 1575 566 1612 deditio
585 1579 645 1612 est
669 1575 782 1612 facta.
841 1576 1022 1614 Ceterum
1051 1577 1174 1614 nihilo
1203 1577 1331 1628 minus
1348 1590 1364 1614 6

148 1641 266 1687 foeda,.
278 1640 410 1677 dedita
427 1640 533 1685 urbe,
555 1653 670 1689 quam
691 1640 724 1676 si
743 1645 856 1690 capta
874 1641 986 1688 foret,
1008 1642 1191 1678 Aurunci
1205 1641 1307 1691 passi
1318 1656 1328 1688 ;

148 1705 340 1755 principes
359 1705 483 1742 securi
503 1705 673 1753 percussi
687 1719 697 1751 5
726 1705 798 1742 sub
818 1718 957 1742 corona
979 1707 1184 1743 venierunt
1204 1706 1327 1742 coloni

147 1769 215 1806 alii
229 1783 240 1817 ;
266 1769 451 1818 oppidum
476 1768 662 1817 dirutum,
684 1781 776 1818 ager
803 1770 936 1806 veniit.
996 1770 1180 1807 Consules
1208 1770 1330 1819 magis
1347 1790 1362 1813 7

147 1834 197 1870 ob
221 1833 298 1870 iras
316 1833 488 1882 graviter
506 1832 609 1869 ultas
627 1846 744 1882 quam
763 1833 812 1870 ob
835 1834 1143 1883 magnitudinem
1169 1833 1328 1883 perfecti

148 1897 240 1934 belli
258 1896 561 1946 triumpharunt.

226 1960 442 2009 Insequens
466 1973 592 1997 annus
619 1960 849 1997 Postumum
872 1960 1091 1998 Cominium
1113 1965 1152 1998 et
1171 1961 1211 1998 T.
1234 1961 1327 1998 Lar-
1350 1965 1398 2002 18

147 2026 250 2063 cium
268 2025 443 2063 consules
471 2025 617 2062 habuit.
675 2025 734 2062 Eo
761 2038 862 2062 anno
891 2025 1034 2071 Romae,
1069 2046 1310 2076 Appointmentor
1347 2049 1361 2065 2

147 2104 264 2140 quum
285 2103 354 2140 per
372 2090 483 2128 ludos
500 2091 549 2127 ab
567 2090 800 2128 Sabinorum
829 2091 1036 2127 iuventute
1069 2076 1281 2103 mmm*

147 2168 216 2205 per
244 2155 441 2192 lasciviam
473 2159 599 2192 scorta
630 2159 872 2204 raperentur,
907 2168 1096 2192 concursu
1127 2155 1327 2192 hominum

148 2221 233 2257 rixa
263 2233 306 2257 ac
339 2233 455 2269 prope
486 2220 664 2269 proelium
695 2220 783 2265 fuit,
814 2233 1009 2270 parvaque
1040 2233 1088 2257 ex
1120 2234 1161 2257 re
1190 2221 1238 2257 ad
1271 2235 1326 2258 re·
