1438 2466
129 143 234 171 acu.
256 129 350 183 478]
585 128 757 166 LIBER
793 130 852 167 II.
1162 165 1165 167 ,
1257 131 1304 167 65

129 228 245 278 dique
276 241 300 264 a
331 239 473 277 pavore
505 229 617 262 tanto
645 226 830 270 animum,
861 225 1044 274 pepulere
1072 227 1190 263 etiam
1218 229 1306 264 sub-

129 296 276 338 euntes,
314 291 570 339 vincebatque
607 289 756 326 auxilio
793 289 866 325 loci
904 289 1089 338 paucitas,
1130 290 1172 326 ni
1217 292 1306 340 iugo

129 355 414 393 circummissus
434 353 579 391 Veiens
597 353 640 389 in
660 353 844 390 verticem
864 352 971 389 collis
990 353 1184 390 evasisset.
1244 355 1308 391 Ita
1324 379 1350 395 ι,

129 421 304 470 superior
331 431 465 457 rursus
493 418 616 455 hostis
644 418 778 454 factus.
850 417 960 454 Fabii
991 418 1076 454 caesi
1108 419 1156 454 ad
1187 432 1306 456 unum

130 499 264 523 omnes
300 484 598 535 praesidiumque
644 487 920 532 expugnatum.
989 482 1195 521 Trecentos
1241 498 1306 521 sex

131 552 272 601 perisse
303 551 397 588 satis
426 548 618 594 convenit,
654 561 777 584 unum
816 560 934 596 prope
972 548 1156 597 puberem
1194 555 1306 587 aetatc

131 617 320 662 relictum,
342 615 501 664 stirpem
528 613 636 663 genti
666 613 796 649 Fabiae
815 612 1022 662 dubiisque
1041 614 1156 651 rebus
1175 615 1306 664 populi

84 727 88 731 .
131 682 300 720 Romani
330 693 428 730 saepe
460 680 563 717 domi
598 678 765 728 bellique
792 679 853 715 vel
887 678 1099 715 maximum
1128 679 1304 717 futurum

130 745 330 783 auxilium.

209 810 339 855 Quum
371 809 451 845 haec
482 811 638 856 accepta
668 807 794 843 clades
824 811 893 852 est,
925 807 1000 842 iam
1036 807 1074 846 O.
1116 808 1306 846 Horatius
1323 811 1369 849 51

130 878 170 911 et
200 874 241 912 T.
276 872 481 910 Menenius
507 871 681 909 consules
706 875 827 908 erant.
887 871 1018 907 Mene·
1092 890 1186 915 March
1211 891 1240 916 or
1260 892 1306 916 the

129 939 219 975 nius
243 937 427 974 adveisus
448 936 590 973 Tuscos
609 935 773 972 victoria
795 935 914 972 elatos
937 948 1021 972 con·
1053 921 1305 976 iissffifm‘iivouiii'if

130 1004 259 1041 festim
287 1003 437 1040 missus.
494 1001 592 1038 Tum
621 1013 773 1050 quoque
802 1001 902 1038 male
929 1014 1021 1050 pug-
1053 982 1309 1050 iiffpgizgifiucziinfies
1323 1027 1336 1043 2

129 1072 266 1104 natum
297 1071 367 1112 est,
392 1071 432 1103 et
460 1065 679 1102 Ianiculum
709 1065 838 1101 hostes
866 1077 1020 1114 occupa·
1052 1045 1307 1099 iigffi'e.bw⁰¹ty¹u

130 1143 241 1178 vere3
289 1131 517 1179 obsessaque
554 1129 647 1166 urbs
683 1127 796 1174 foret,
834 1141 950 1177 super
978 1128 1121 1165 bellum
1154 1140 1308 1165 annona

131 1198 328 1245 premente
376 1193 628 1244 (transierant
669 1192 773 1229 enim
820 1191 975 1229 Etrusci
1021 1192 1219 1242 Tiberim),
1266 1193 1307 1228 ni

132 1259 324 1297 Horatius
342 1258 474 1296 consul
494 1270 542 1295 ex
563 1257 714 1294 Volscis
733 1261 832 1294 esset
851 1262 1061 1294 revocatus.
1119 1257 1307 1307 Adeoque

131 1325 171 1362 id
198 1324 342 1362 bellum
371 1323 465 1373 ipsis
492 1322 639 1359 institit
664 1323 864 1369 moenibus,
886 1327 931 1359 ut
950 1323 1074 1372 primo
1093 1327 1305 1373 pugnatum

131 1389 180 1427 ad
203 1388 293 1439 Spei
317 1389 369 1425 sit
396 1400 506 1437 aequo
532 1387 671 1433 Marte,
693 1387 835 1423 iterum
859 1387 907 1424 ad
930 1392 1083 1436 portam
1103 1387 1302 1424 Collinam.

132 1454 194 1492 Ibi
226 1465 444 1503 quanquam
476 1465 596 1502 parvo
619 1456 813 1489 momento
841 1452 1016 1502 superior
1043 1453 1221 1490 Romana
1248 1466 1308 1490 res
1324 1469 1337 1492 ³

130 1518 218 1565 fuit,
239 1518 435 1554 meliorem
455 1522 587 1553 tamen
606 1516 782 1562 militem,
804 1521 957 1566 recepto
976 1517 1140 1566 pristino
1166 1517 1306 1564 animo,

131 1584 171 1619 in
191 1582 326 1619 futura
345 1581 480 1631 proelia
497 1581 537 1618 id
557 1586 751 1618 certamen
771 1580 875 1618 fecit.

210 1647 258 1694 A.
282 1646 495 1696 Verginius
514 1649 554 1682 et
573 1645 635 1695 Sp.
655 1645 842 1682 Servilius
861 1646 1034 1682 consules
1054 1646 1163 1683 fiunt.
1214 1646 1308 1683 Post
1322 1663 1336 1686 4

130 1716 325 1760 acceptam
347 1710 525 1760 proxima
546 1722 675 1759 pugna
700 1709 847 1746 cladem
875 1709 1060 1746 Veientes
1087 1710 1308 1749 abstinuere

130 1776 233 1822 acie3
271 1775 538 1825 populationes
567 1778 688 1821 erant,
723 1779 763 1811 et
795 1774 904 1810 velut
934 1774 982 1810 ab
1013 1786 1098 1810 arce
1131 1774 1307 1812 Ianiculo

131 1839 272 1889 passim
308 1839 351 1875 in
388 1838 609 1875 Romanum
642 1851 775 1887 agrum
809 1837 976 1887 impetus
1011 1836 1184 1883 dabant3
1230 1849 1307 1874 non

130 1916 292 1953 usquam
312 1915 450 1952 pecora
467 1907 567 1949 tuta,
583 1915 663 1939 non
681 1907 850 1951 agrestes
869 1907 988 1938 erant.
1040 1900 1155 1950 Capti
1169 1901 1307 1938 deinde
1323 1920 1337 1943 5

129 1968 262 2005 eadem
281 1971 364 2004 arte
383 1971 486 2016 sunt,
508 1980 585 2016 qua
605 1971 787 2016 ceperant
807 1966 957 2003 Fabios.
1016 1965 1147 2002 Secuti
1176 1965 1308 2002 dedita

129 2044 244 2081 opera
270 2030 410 2080 passim
438 2031 487 2067 ad
515 2031 714 2068 illecebras
739 2030 921 2080 propulsa
944 2042 1079 2078 pecora
1098 2029 1308 2078 praecipita-

130 2108 218 2133 vere
245 2095 287 2132 in
314 2095 473 2132 insidias
488 2109 498 2142 3
527 2108 603 2145 quo
630 2095 761 2145 plures
788 2100 910 2141 erant,
933 2094 1053 2130 maior
1074 2094 1195 2131 caedes
1217 2094 1304 2133 fuit.

130 2160 192 2197 Ex
228 2159 299 2197 hac
335 2159 442 2197 clade
475 2164 589 2197 atrox
619 2161 676 2196 ira
710 2159 865 2196 maioris
895 2159 1014 2196 cladis
1044 2171 1159 2196 causa
1191 2164 1337 2208 atque6

129 2224 285 2260 initium
324 2223 411 2260 fuit.
486 2223 662 2260 Traiecto
699 2225 803 2260 enim
850 2229 960 2260 nocte
1006 2223 1146 2269 Tiberi,
1182 2229 1308 2260 castra

239 2305 272 2335 s.
295 2305 328 2334 L.
1169 2293 1195 2334 5
