1438 2466
115 136 219 163 Δ.οΗ.
241 123 465 177 494—493]
572 123 742 160 LIBER
778 123 834 161 II.
1242 127 1285 162 41

114 220 256 258 liceret.
313 219 379 257 Ita
400 219 551 256 tribuni
578 219 705 268 plebei
728 219 850 257 creati
871 220 960 266 duo,
982 220 1023 259 O.
1051 220 1226 259 Licinius
1253 228 1293 260 ct
1308 242 1323 258 2

116 284 159 322 L.
191 284 385 322 Albinius.
442 283 503 321 Hi
537 288 616 321 tres
645 284 808 334 collegas
839 284 915 321 sibi
946 291 1185 324 creaverunt.
1243 287 1292 324 In

115 349 176 387 his
204 349 391 386 Sicinium
419 348 546 394 fuisse,
576 348 777 387 seditionis
804 353 1000 387 auctorem
1009 364 1018 397 ;
1055 350 1103 387 de
1130 350 1289 399 duobus,

117 413 185 463 qui
208 413 368 460 fuerint,
388 413 517 450 minus
544 413 736 451 convenit.
794 413 906 461 Sunt,
927 413 995 464 qui
1017 427 1112 463 quos
1139 419 1293 452 tantum
1312 435 1326 459 ³

117 478 160 514 in
196 477 310 515 Sacro
339 482 468 514 monte
497 482 644 514 creatos
681 477 858 514 tribunos
895 490 975 514 esse
1005 478 1136 515 dicant
1165 479 1295 528 ibique

118 547 304 580 sacratam
324 542 446 592 legem
465 542 594 579 latam.

199 607 274 644 Per
304 607 553 644 secessionem
586 607 708 657 plebis
741 607 803 657 Sp.
835 607 991 645 Cassius
1019 614 1059 646 et
1088 609 1296 648 Postumus
1315 626 1331 648 4

83 712 87 715 ,
121 671 321 709 Cominius
340 671 583 709 consulatum
602 671 782 709 inierant.
832 671 910 709 His
930 685 1014 710 con·
1043 672 1230 728 Cassffffiugiffi
1248 673 1297 728 {g

119 735 267 773 sulibus
285 749 372 773 cum
390 736 543 773 Latinis
563 736 715 785 populis
735 736 857 773 ictum
876 737 1008 775 foedus.
1040 733 1296 794 “⁸30132‡222‘3‚wi¹gh

119 800 186 837 Ad
204 800 244 837 id
263 800 481 838 feriendum
500 801 632 837 consul
646 800 745 838 alter
760 801 894 838 Romae
910 815 1015 838 man·
1042 794 1298 856 gffssssst‘fffglffigg

119 865 192 912 sit3
234 865 332 902 alter
376 866 426 903 ad
472 866 660 903 Volscum
696 866 842 904 bellum
878 866 1018 903 missus
1045 856 1298 912 fflssffcgssoffip‘

120 929 306 967 Antiates
325 929 486 967 Volscos
504 930 636 968 fundit
655 931 860 981 fugatque;
889 930 1103 981 compulsos
1129 931 1172 967 in
1196 931 1299 980 oppi-

121 993 214 1030 dum
246 993 461 1043 Longulam
495 999 719 1043 persecutus
750 995 941 1032 moenibus
973 995 1130 1045 potitur.
1202 995 1300 1032 Inde
1318 1014 1332 1038 ⁵

122 1057 299 1106 protinus
313 1057 528 1104 Poluscam,
544 1059 639 1095 item
655 1058 896 1104 Volscorum,
918 1059 1038 1108 cepit3
1057 1064 1142 1096 tum
1163 1072 1301 1109 magna

123 1121 165 1158 vi
192 1122 351 1159 adortus
381 1127 438 1160 est
471 1123 653 1161 Coriolos.
713 1123 808 1160 Erat
839 1131 925 1160 tum
959 1124 1001 1160 in
1033 1124 1167 1161 castris
1198 1124 1302 1161 inter

124 1186 309 1236 primores
333 1186 519 1224 iuvenum
545 1187 614 1225 Cn.
638 1187 820 1235 Marcius,
842 1188 1061 1225 adolescens
1084 1193 1124 1225 et
1142 1188 1302 1226 consilio

125 1255 165 1288 et
195 1264 313 1288 manu
346 1256 558 1301 promptus,
593 1252 656 1288 cui
688 1264 899 1301 cognomen
937 1257 1068 1302 postea
1099 1252 1302 1290 Coriolano

125 1315 212 1353 fuit.
271 1315 400 1360 Quum
427 1317 557 1354 subito
589 1317 803 1353 exercitum
835 1316 1100 1354 Romanorum
1133 1317 1303 1355 Coriolos
1321 1332 1336 1356 6

126 1380 364 1418 obsidentem
396 1385 512 1430 atque
545 1381 587 1417 in
623 1381 845 1431 oppidanos,
884 1393 979 1430 quos
1015 1381 1123 1418 intus
1155 1381 1303 1419 clausos

127 1445 304 1491 habebat,
333 1445 528 1482 intentum
561 1446 643 1482 sine
672 1445 752 1482 ullo
780 1451 886 1482 metu
915 1446 1154 1483 extrinsecus
1181 1446 1304 1482 immi-

126 1509 256 1547 nentis
279 1509 383 1556 belli,
404 1509 556 1547 Volscae
579 1510 756 1559 legiones,
778 1511 955 1559 profectae
974 1511 1022 1547 ab
1042 1511 1176 1556 Antio,
1197 1511 1303 1548 inva-

127 1575 276 1620 sissent,
297 1574 505 1624 eodemque
524 1580 600 1611 tem
605 1587 695 1623 pore
714 1587 763 1611 ex
778 1575 916 1624 oppido
931 1575 1147 1624 erupissent
1161 1575 1302 1622 hostes,

128 1639 230 1680 forte
245 1639 286 1675 in
305 1639 472 1676 statione
492 1639 665 1676 Marcius
683 1639 769 1676 fuit.
801 1639 841 1676 Is
860 1652 947 1676 cum
967 1639 1115 1676 delecta
1133 1640 1302 1677 militum
1322 1658 1336 1682 7

128 1716 245 1740 manu
272 1716 350 1740 non
376 1704 488 1741 modo
513 1704 702 1753 impetum
728 1704 1014 1753 erumpentium
1041 1705 1216 1752 rettudit,
1237 1705 1303 1743 sed

129 1780 197 1818 per
223 1772 419 1817 patentem
448 1773 599 1818 portam
626 1769 735 1806 ferox
762 1768 904 1818 irrupit
931 1769 972 1805 in
991 1769 1168 1818 proxima
1185 1771 1302 1817 urbis,

129 1832 304 1881 caedeque
331 1833 432 1870 facta
459 1833 586 1882 ignem
615 1838 759 1870 temere
787 1837 985 1881 arreptum
1012 1833 1305 1871 imminentibus

132 1909 240 1932 muro
276 1896 446 1933 aedificiis
481 1897 624 1934 iniecit.
710 1896 863 1932 Clamor
899 1896 989 1933 inde
1025 1897 1303 1945 oppidanorum
1322 1913 1336 1937 8

131 1960 280 1997 mixtus
308 1959 488 1997 muliebri
517 1959 734 2009 puerilique
764 1959 917 2008 ploratu
951 1960 998 1996 ad
1033 1965 1227 2006 terrorem,
1259 1966 1305 1998 ut

122 2024 240 2070 solet,
261 2025 428 2073 primum
453 2029 538 2061 orto
564 2028 603 2060 et
628 2023 816 2060 Romanis
841 2023 952 2060 auxit
977 2023 1148 2060 animum
1168 2029 1208 2061 et
1227 2030 1304 2062 tur-

131 2090 242 2126 bavit
274 2089 445 2134 Volscos,
479 2094 616 2139 utpote
647 2094 760 2138 capta
792 2089 896 2134 urbe,
931 2089 993 2126 cui
1025 2089 1073 2126 ad
1109 2090 1304 2128 ferendam

133 2167 244 2203 opem
281 2158 476 2191 venerant.
546 2153 611 2190 Ita
647 2154 722 2190 fusi
760 2153 892 2190 Volsci
929 2154 1122 2200 Antiates,
1163 2155 1305 2194 Corioli
1323 2177 1338 2201 9

131 2219 313 2269 oppidum
334 2223 489 2268 captum
500 2233 511 2267 ς
538 2223 769 2268 tantumque
794 2232 863 2256 sua
890 2218 1003 2255 laude
1022 2219 1175 2257 obstitit
1193 2220 1304 2259 famae
