1438 2466
90 149 193 178 mn.
216 137 310 190 446]
533 137 702 174 LIBER
739 137 821 175 [η.
1191 138 1259 174 ιτι

91 235 325 273 munitiones
357 234 589 282 irrumpunt,
619 232 821 282 piaedaque
862 231 1011 281 ingenti
1048 235 1259 280 compotem

92 300 314 345 exercitum,
344 298 423 335 suis
459 297 576 333 etiam
609 297 723 333 rebus
760 295 1003 345 recuperatis,
1032 307 1116 345 quae
1144 308 1261 344 popu-

91 363 237 401 latione
254 374 432 413 agrorum
451 361 599 397 amissae
617 364 739 406 erant,
759 360 959 397 reducunt.
1008 358 1262 407 Triumphum
1287 373 1316 395 ¹⁴

90 441 160 466 nec
178 429 280 478 ipsos
297 426 507 477 postulasse
526 438 594 462 nec
614 425 784 462 delatum
809 425 856 461 iis
881 424 929 460 ab
953 428 1090 460 senatu
1109 423 1263 472 accipio,

91 507 161 531 nec
177 493 345 531 traditur
363 504 476 529 causa
495 491 614 540 spreti
633 495 701 527 aut
720 503 798 527 non
817 489 959 539 sperati
977 488 1141 525 honoris.
1182 487 1265 537 Ego
1288 505 1317 529 15

92 562 281 608 quantum
308 557 350 593 in
369 560 477 592 tanto
497 553 701 591 intervallo
720 558 936 603 temporum
955 552 1125 597 coniicio,
1146 564 1265 601 quum

94 621 252 659 Valerio
275 626 391 670 atque
411 618 578 655 Horatio
597 617 826 661 consulibus,
852 616 919 666 qui
943 620 1082 665 praeter
1105 615 1267 653 Volscos

78 693 132 738 ‘et
150 687 301 736 AEquos
320 684 454 721 Sabini
482 683 599 719 etiam
618 682 711 718 belli
738 681 899 731 perfecti
927 681 1087 730 gloriam
1114 692 1266 730 pepere-

93 754 192 797 rant,
214 752 375 797 negatus
402 747 449 783 ab
477 750 613 783 senatu
641 745 863 795 triumphus
890 749 1000 791 esset,
1028 744 1268 781 verecundiae

93 816 169 852 fuit
200 826 268 863 pro
300 817 408 862 parte
440 811 602 847 dimidia
634 823 762 848 rerum
794 810 1016 847 consulibus
1042 814 1172 859 petere
1199 809 1267 846 tri-

95 879 292 928 umphum,
327 890 387 922 ne,
417 876 570 914 etiamsi
599 877 881 925 impetrassent,
917 875 1037 924 magis
1067 874 1267 911 hominum

94 943 193 980 ratio
211 956 328 992 quam
348 941 573 978 meritorum
594 939 726 976 habita
744 939 950 976 videretur.

174 1006 388 1043 Victoriam
426 1003 627 1040 honestam
664 1015 712 1039 ex
750 1001 924 1038 hostibus
969 1005 1119 1051 partam
1157 1006 1269 1050 turpe
1289 1003 1335 1040 71

94 1069 198 1107 domi
225 1069 273 1106 de
300 1068 441 1106 finibus
469 1067 658 1104 sociorum
686 1066 872 1103 iudicium
891 1079 954 1116 po-

96 1133 178 1183 puli
208 1131 449 1170 deformavit.
506 1130 663 1167 Aricini
689 1135 805 1179 atque
832 1130 954 1167 Arde-
985 1114 1271 1175 ἒῗοὲῗιῗέιῗῗοιέῗῧὲ
1289 1156 1303 1172 2

95 1201 177 1234 ates
203 1196 251 1233 de
279 1196 462 1244 ambiguo
487 1206 578 1243 agro
598 1206 716 1243 quum
736 1205 835 1243 saepe
854 1193 954 1230 bello
985 1175 1272 1242 ffiffisssse‘sssse‘ssffl

96 1262 315 1305 certassent,
355 1257 488 1294 multis
533 1256 575 1293 in
616 1257 738 1293 vicem
783 1256 956 1293 cladibus
986 1236 1163 1295 ξιὲεαὲἓοῗέξ
1174 1236 1271 1291 ofili&

987 1286 1068 1327 single
1097 1297 1219 1322 evidence
1246 1298 1275 1321 os

96 1326 187 1364 fessi
201 1325 364 1363 iudicem
380 1324 564 1374 populum
580 1323 799 1360 Romanum
813 1337 952 1373 cepere.
987 1329 1037 1383 ,ξιξ
1056 1328 1272 1388 ῑίἰὲιὲυὲἑξὲῃῗέ

97 1389 226 1434 Quum
263 1389 313 1426 ad
345 1399 497 1424 causam
528 1387 712 1424 orandam
749 1387 955 1433 venissent,
987 1389 1064 1444 [ἓξὲξ
1075 1389 1271 1444 tiguiss‘iwlff‘
1292 1412 1306 1435 3

97 1454 256 1492 concilio
293 1452 425 1502 populi
461 1464 484 1488 a
525 1451 813 1500 magistratibus
854 1451 955 1498 dato,

98 1531 237 1568 magna
277 1517 523 1555 contentione
557 1520 698 1552 actum.
765 1515 926 1565 Iamque
954 1516 1068 1553 editis
1097 1516 1270 1563 testibus,

98 1595 216 1632 quum
245 1581 371 1618 tribus
398 1580 527 1617 vocari
546 1584 585 1616 et
603 1579 786 1628 populum
807 1579 906 1616 inire
924 1579 1148 1629 suffiagium
1169 1592 1274 1629 opor-

97 1652 210 1692 teret,
230 1646 427 1700 consurgit
447 1644 489 1682 P.
512 1645 691 1694 Scaptius
716 1644 762 1681 de
782 1644 902 1693 plebe,
933 1657 1072 1694 magno
1099 1648 1206 1690 natu,
1235 1650 1275 1680 et

101 1710 177 1747 “Si
209 1709 329 1746 licet”
360 1708 500 1758 inquit,
540 1708 762 1755 “consules,
799 1708 844 1745 de
877 1721 917 1744 re
950 1707 1104 1757 publica
1137 1708 1272 1753 dicere,

99 1787 225 1812 errare
243 1785 312 1822 ego
331 1772 514 1822 populum
534 1773 575 1808 in
593 1772 664 1809 hac
683 1785 798 1809 causa
824 1785 903 1810 non
930 1772 1090 1821 patiar.·'’
1144 1772 1272 1817 Quum
1291 1788 1306 1811 4

98 1844 144 1875 ut
184 1849 327 1873 vanum
365 1849 452 1872 eum
493 1841 678 1885 negarent
712 1835 886 1873 consules
924 1835 1157 1873 audiendum
1195 1848 1274 1873 esse

99 1900 458 1947 vociferantemque,
487 1898 598 1948 prodi
625 1899 818 1947 publicam
847 1911 1012 1943 causam,
1041 1899 1274 1936 summoveri

99 1965 310 2009 iussissent,
333 1963 508 2000 tribunos
527 1962 707 2012 appellat.
763 1963 935 2009 Tribuni,
958 1968 1001 2000 ut
1021 1963 1098 2000 fere
1125 1975 1274 2012 semper
1292 1982 1307 2005 ⁵

100 2032 287 2078 reguntur
314 2040 337 2063 a
364 2027 615 2064 multitudine
651 2027 772 2077 magis
808 2040 923 2077 quam
956 2031 1105 2077 regunt,
1136 2027 1273 2064 dedere

100 2092 246 2142 cupidae
263 2090 445 2128 audiendi
463 2091 577 2140 plebi,
597 2095 653 2137 ut,
669 2104 753 2141 quae
773 2091 901 2138 vellet,
922 2091 1100 2140 Scaptius
1118 2091 1272 2130 diceret.

102 2155 165 2191 Ibi
192 2155 290 2200 infit,
321 2167 465 2190 annum
504 2167 544 2191 se
577 2155 738 2191 tertium
771 2158 811 2191 et
843 2154 1116 2203 octogesimum
1150 2167 1273 2203 agere,
1292 2165 1308 2189 ⁶

102 2222 141 2254 et
158 2218 200 2254 in
224 2231 268 2254 on
291 2230 393 2266 agr0‚
413 2217 460 2254 de
487 2230 563 2266 quo
590 2218 730 2266 agitur,
760 2218 956 2263 militasse,
979 2231 1053 2255 non
1084 2217 1275 2267 iuvenem,
