1438 2466
79 190 183 217 acu.
209 176 301 228 449]
526 174 694 211 LIBER
731 173 817 210 [Π.
1186 172 1254 209 157

80 288 156 312 nou
185 273 346 312 inventi.
407 272 487 309 Ubi
511 271 656 317 illuxit,
677 271 874 320 egreditur
892 271 1026 307 eastris
1047 271 1257 316 Romanus,
1277 281 1292 306 8

81 339 226 376 vallum
259 339 477 383 invasurus,
508 335 549 372 ni
579 336 686 385 copia
722 348 860 385 pugnae
899 336 1016 372 fieret.
1077 335 1129 370 Et
1160 339 1260 384 post-

80 417 196 453 quam
222 403 345 440 inulta
368 403 443 439 iam
463 401 544 438 dies
564 405 648 437 erat
666 414 789 449 neque
810 401 1036 437 movebatur
1054 400 1260 450 quicquam

80 468 129 503 ab
165 467 287 512 hoste,
321 466 429 502 iubet
457 465 568 514 signa
596 464 734 501 inferri
766 465 897 501 consul
912 477 922 510 ;
960 467 1141 512 motaque
1168 462 1259 508 acie,

81 531 298 581 indignatio
317 530 467 579 AEquos
485 534 525 566 et
546 529 706 566 Volscos
725 529 890 574 incessit,
912 529 945 565 si
967 529 1130 565 victores
1153 539 1259 563 exer-

81 596 181 632 citus
214 594 359 631 vallum
391 593 520 643 potius
556 606 671 642 quam
711 593 836 629 virtus
868 597 909 629 et
939 605 1047 629 arma
1073 595 1258 641 tegerent.

83 659 211 709 Igitur
239 664 278 695 et
304 658 379 708 ipsi
406 657 658 706 efflagitatum
687 658 736 694 ab
763 657 925 694 ducibus
950 657 1104 705 signum
1123 667 1261 705 pugnae

76 735 267 773 accepere.
316 723 477 772 Iamque
492 735 580 771 pars
598 735 748 771 egressa
766 721 888 771 portis
907 726 991 758 erat
1009 721 1263 769 deincepsque
1278 738 1294 762 9

82 788 147 824 alii
167 788 373 824 servabant
392 787 578 832 ordinem,
593 787 631 823 in
653 800 765 823 suum
785 786 948 835 quisque
968 786 1093 822 locum
1113 785 1263 821 descen-

82 851 226 898 dentes,
248 864 368 899 quum
387 851 519 888 consul
541 851 753 897 Romanus,
771 851 995 899 priusquam
1009 850 1101 886 totis
1116 849 1264 885 viribus

83 914 184 951 fulta
211 919 404 951 constaret
432 915 601 951 hostium
630 914 740 961 acies,
770 915 906 950 intulit
933 914 1064 963 signa,
1092 913 1264 950 adortus-
1283 933 1314 949 10

82 993 156 1028 que
176 992 245 1016 uec
267 992 398 1016 omnes
416 979 507 1015 dum
528 980 685 1016 eductos
704 993 785 1026 nec,
806 979 873 1028 qui
892 983 1012 1024 erant,
1034 978 1127 1015 satis
1147 977 1265 1026 expli-

82 1044 178 1080 catis
190 1044 399 1089 ordinibus,
412 1057 530 1093 prope
544 1044 795 1080 fluctuantem
811 1043 965 1079 turbam
986 1042 1263 1091 trepidantium

84 1107 158 1144 huc
194 1112 311 1156 atque
348 1108 440 1144 illuc
477 1107 955 1156 circumspectantiumque
992 1120 1031 1143 se
1076 1119 1119 1143 ac
1164 1119 1263 1152 suos,

83 1171 214 1208 addito
229 1172 397 1208 turbatis
408 1172 604 1208 mentibus
619 1172 783 1208 clamore
795 1176 911 1220 atque
925 1171 1084 1219 impetu,
1100 1169 1261 1206 invadit.

85 1235 287 1272 Rettulere
314 1235 438 1285 primo
467 1235 601 1284 pedem
631 1235 759 1272 hostes
774 1248 784 1282 3
813 1235 951 1271 deinde
979 1247 1098 1283 quum
1118 1233 1266 1270 animos
1285 1250 1312 1267 ιι

84 1299 326 1348 collegissent
350 1304 390 1336 et
415 1299 586 1348 undique
611 1299 737 1344 duces,
771 1299 934 1335 victisne
959 1298 1101 1335 cessuri
1125 1303 1263 1343 essent,

84 1363 338 1412 increparent,
354 1363 578 1399 restituitur
596 1376 734 1412 pugna.
785 1362 928 1399 Consul
947 1375 997 1399 ex
1015 1362 1139 1398 altera
1157 1369 1266 1411 parte
1285 1366 1332 1403 61

86 1427 281 1464 Romanos
309 1427 528 1463 meminisse
557 1427 726 1471 iubebat,
747 1426 813 1462 illo
841 1426 903 1462 die
931 1426 1098 1475 primum
1128 1426 1267 1462 liberos

85 1505 154 1541 pro
174 1492 294 1528 libera
313 1492 407 1528 urbe
428 1492 606 1528 Romana
624 1504 818 1540 pugnare:
848 1490 1003 1527 sibimet
1030 1491 1123 1540 ipsis
1143 1490 1266 1526 victu-

85 1569 155 1603 ros,
186 1569 264 1593 non
293 1561 338 1592 ut
364 1555 667 1592 decemvirorum
697 1555 861 1591 victores
898 1554 1097 1604 praemium
1127 1559 1264 1592 essent.

86 1621 178 1657 Non
212 1621 342 1669 Appio
371 1620 466 1657 duee
499 1633 580 1656 rem
610 1619 701 1668 geri,
737 1619 802 1656 sed
831 1619 986 1656 consule
1019 1619 1189 1666 Valerio,
1219 1619 1268 1655 ab
1287 1639 1300 1654 2

86 1685 355 1721 liberatoribus
393 1683 525 1733 populi
573 1683 741 1719 Romani
786 1687 880 1729 orto,
928 1683 1135 1719 liberatore
1172 1683 1265 1731 ipso.

87 1747 357 1795 Ostenderent,
395 1747 590 1796 prioribus
626 1746 772 1796 proeliis
808 1759 877 1795 per
913 1746 1039 1792 duces,
1078 1759 1154 1783 non
1200 1760 1269 1796 per

87 1811 230 1848 milites
249 1811 410 1858 stetisse,
431 1824 480 1847 ne
500 1811 710 1848 vincerent.
767 1810 897 1860 Turpe
916 1824 996 1847 esse
1016 1815 1149 1848 contra
1167 1811 1269 1848 cives
1286 1832 1300 1855 3

86 1877 174 1926 plus
193 1877 312 1914 animi
331 1876 509 1913 habuisse
529 1889 645 1924 quam
664 1880 799 1912 contra
818 1875 947 1912 hostes
965 1879 1005 1912 et
1023 1875 1127 1911 domi
1153 1888 1266 1924 quam

88 1941 180 1977 foris
216 1940 442 1977 servitutem
475 1939 596 1988 magis
629 1939 812 1976 timuisse.
874 1939 1007 1976 Unam
1040 1938 1268 1988 Verginiam
1287 1957 1300 1979 ⁴

89 2003 216 2050 fuisse,
243 2003 352 2040 cuius
377 2003 572 2052 pudicitiae
597 2003 636 2039 iu
664 2015 755 2052 paee
780 2002 994 2051 perieulum
1013 2007 1125 2049 esset,
1147 2015 1267 2039 unum

90 2068 265 2118 Appium
295 2068 418 2105 civem
455 2067 677 2116 periculosae
717 2067 915 2112 libidinis;
953 2071 1004 2113 at,
1039 2067 1072 2103 si
1110 2067 1269 2104 fortuna

89 2131 177 2169 belli
191 2131 362 2177 inclinet,
375 2131 547 2168 omnium
562 2131 692 2168 liberis
706 2131 755 2167 ab
770 2135 830 2167 tot
842 2131 1013 2167 millibus
1027 2130 1195 2167 hostium
1208 2143 1268 2180 pe-

90 2197 253 2234 riculum
267 2196 349 2233 fore
362 2209 372 2242 ;
391 2196 493 2233 nolle
511 2196 685 2242 ominari,
700 2209 784 2245 quae
799 2209 868 2233 nec
881 2196 1061 2245 Iuppiter
1077 2209 1146 2233 nec
1161 2195 1270 2233 Mars
1286 2213 1301 2236 5

91 2266 203 2311 pater
230 2260 378 2310 passuri
407 2260 487 2297 sint
513 2260 560 2296 iis
588 2259 769 2309 auspiciis
795 2259 959 2296 conditae
978 2259 1065 2295 urbi
1085 2259 1265 2296 accidere.
