1438 2466
146 142 251 169 acu.
274 128 500 182 475—473]
601 129 770 168 LIBER
803 130 860 168 II.
1274 133 1321 171 69

146 232 228 265 tate
254 241 360 275 esse;
390 228 549 274 consuli,
572 228 681 265 velut
708 229 921 278 apparitori
949 228 1170 274 tribunicio,
1194 229 1323 265 omnia

146 291 196 329 ad
224 297 369 329 nutum
398 291 679 341 imperiumque
712 292 861 328 tribuni
894 293 1043 342 agenda
1071 305 1153 329 csse
1168 304 1179 338 3
1220 293 1253 329 si
1283 306 1322 329 sc
1341 304 1357 327 ⁶

145 355 408 401 commoverit,
443 355 477 391 si
503 355 719 404 respexerit
743 359 882 404 patres,
913 355 946 392 si
973 355 1079 392 aliud
1105 368 1221 404 quam
1247 355 1323 404 ple-

146 418 234 455 bem
253 431 334 455 esse
354 418 396 454 in
414 431 456 454 re
474 417 630 467 publica
648 418 864 464 crediderit,
883 419 1062 455 exsilium
1083 418 1151 455 Cn.
1170 417 1318 465 Marcii,

147 482 323 520 Menenii
351 483 640 520 damnationem
669 489 709 519 et
737 487 898 520 mortem
923 483 997 520 sibi
1019 490 1209 532 proponat
1233 485 1324 518 ante

146 545 284 583 oculos.
343 546 420 583 His
447 545 595 582 accensi
614 546 772 582 vocibus
800 552 930 595 patres
955 545 1117 583 concilia
1135 545 1226 582 inde
1244 558 1322 581 non
1343 559 1357 581 7

145 610 311 659 publica,
347 611 414 648 sed
445 610 487 647 in
518 609 672 659 privato
707 610 938 659 seductaque
974 623 998 646 a
1034 609 1204 659 plurium
1235 621 1322 646 con-

87 723 91 726 *
145 675 312 712 scientia
333 674 483 720 habere,
505 675 572 711 ubi
601 687 720 723 quum
745 674 786 711 id
811 674 925 712 modo
944 679 1149 722 constaret,
1170 675 1254 711 iure
1273 687 1323 711 an

145 738 300 785 iniuria,
320 739 536 788 eripiendos
555 751 636 775 esse
656 751 750 785 reos,
772 739 1011 776 atrocissima
1031 752 1191 788 quaeque
1216 752 1321 775 max-

144 802 221 840 ime
255 803 432 852 placebat
469 803 674 849 sententia,
713 815 783 839 nec
819 807 953 840 auctor
980 803 1156 852 quamvis
1186 802 1322 839 audaci

144 866 306 904 facinori
342 866 484 904 deerat.
544 866 673 916 Igitur
710 867 845 903 iudicii
881 867 954 913 die,
993 880 1114 916 quum
1147 867 1254 917 plebs
1282 867 1323 903 in
1342 874 1357 899 8

145 930 227 968 foro
259 935 385 968 erecta
417 930 705 979 exspectatione
732 935 864 975 staret,
895 930 1029 967 mirari
1055 931 1192 980 primo,
1221 930 1323 980 quod

144 1007 223 1031 non
247 994 494 1032 descenderet
518 994 701 1031 tribunus
714 1007 724 1040 3
753 994 854 1040 dein,
876 1007 995 1043 quum
1016 995 1092 1031 iam
1114 1008 1223 1032 mora
1241 1008 1321 1032 sus-

145 1058 291 1108 pectior
327 1058 448 1105 fieret,
487 1058 717 1095 deterritum
753 1071 777 1094 a
814 1058 1046 1106 primoribus
1084 1058 1248 1104 credere,
1283 1063 1322 1095 et

144 1123 335 1160 desertam
368 1136 413 1160 ac
444 1123 639 1172 proditam
667 1135 821 1160 causam
850 1123 1044 1172 publicam
1072 1124 1208 1172 queri;
1236 1128 1321 1160 tan·
1341 1140 1356 1163 9

144 1186 243 1233 dem,
265 1187 333 1236 qui
352 1187 545 1224 obversati
565 1187 758 1224 vestibulo
776 1187 925 1223 tribuni
941 1186 1106 1233 fuerant,
1124 1187 1320 1234 nuntiant,

145 1249 250 1287 domi
280 1255 477 1287 mortuum
510 1263 591 1287 esse
618 1251 834 1287 inventum.
893 1250 1006 1295 Quod
1034 1251 1101 1287 ubi
1128 1251 1170 1287 in
1199 1255 1322 1288 totam

145 1315 363 1353 contionem
391 1316 556 1365 pertulit
583 1329 726 1363 rumor,
757 1316 858 1352 sicut
886 1316 985 1352 acies
1012 1316 1191 1353 funditur
1228 1316 1324 1353 ducc

145 1380 278 1426 occiso,
300 1380 357 1417 ita
384 1380 523 1430 dilapsi
551 1381 694 1430 passim
722 1380 790 1416 alii
815 1380 900 1419 alio.
959 1380 1183 1430 Praecipuus
1205 1394 1325 1430 pavor

145 1443 325 1481 tribunos
355 1444 563 1490 invaserat,
594 1457 710 1494 quam
739 1444 839 1481 nihil
867 1444 1007 1480 auxilii
1034 1449 1193 1481 sacratae
1223 1445 1324 1494 leges

145 1507 343 1553 haberent,
378 1513 503 1545 morte
535 1508 689 1557 collegae
719 1508 895 1545 monitos.
954 1507 1038 1544 Nec
1070 1512 1199 1557 patres
1231 1509 1325 1545 satis
1344 1522 1376 1539 10

146 1571 342 1609 moderate
379 1572 478 1609 ferre
515 1572 703 1618 laetitiam,
743 1572 913 1622 adeoque
960 1572 1153 1609 neminem
1199 1574 1324 1611 noxiae

148 1636 369 1689 paenitebat,
405 1641 451 1673 ut
480 1637 598 1674 etiam
635 1637 808 1674 insontes
845 1636 981 1673 fecisse
1019 1636 1144 1673 videri
1180 1637 1326 1674 vellent

147 1701 350 1750 palamque
382 1700 560 1748 ferretur,
594 1701 697 1738 malo
724 1701 956 1738 domandam
985 1701 1234 1738 tribuniciam
1262 1715 1324 1752 po-

147 1768 339 1801 testatem.

225 1827 307 1865 Sub
325 1827 424 1866 hanc
442 1829 599 1878 pessimi
617 1828 785 1878 exempli
804 1829 1006 1865 victoriam
1026 1829 1189 1866 dilectus
1214 1831 1325 1868 edici-
1344 1831 1392 1869 55

147 1898 223 1939 tur,
257 1894 564 1944 paventibusque
601 1893 781 1940 tribunis,
813 1893 897 1930 sine
924 1893 1040 1930 inter·
1073 1911 1206 1936 Pubmius
1225 1913 1325 1938 Volero

147 1959 318 1997 cessione
363 1958 444 1996 ulla
488 1959 663 1996 consules
708 1971 790 1995 rem
835 1963 1036 2008 peragunt.
1071 1941 1154 1997 ff?
1168 1943 1239 1999 1³22?
1264 1951 1324 1969 ⁰⁰¹³*

147 2023 246 2060 Tum
261 2035 353 2060 vero
371 2022 484 2059 irasci
503 2021 610 2071 plebs
629 2022 876 2058 tribunorum
896 2021 1017 2070 magis
1035 2021 1190 2058 silentio
1209 2034 1322 2071 quam
1344 2044 1357 2060 2

148 2087 350 2124 consulum
378 2087 551 2137 imperio,
581 2092 622 2124 et
646 2087 782 2135 dicere,
804 2092 933 2124 actum
963 2099 1042 2123 esse
1071 2086 1118 2122 de
1145 2085 1326 2124 libertate

147 2165 241 2196 sua;
269 2163 403 2188 rursus
434 2151 484 2187 ad
515 2152 676 2201 antiqua
700 2151 868 2188 reditum
882 2164 893 2198 ;
926 2163 1013 2187 cum
1045 2149 1219 2187 Genucio
1248 2163 1327 2189 una

149 2219 341 2253 mortuam
361 2228 405 2252 ac
423 2215 613 2265 sepultam
634 2214 882 2252 tribuniciam
903 2217 1143 2263 potestatem.
1201 2215 1326 2252 Aliud
