1438 2466
153 173 202 210 88
674 169 735 206 LI
745 169 824 207 VII
975 168 1104 222 [A.U.C.
1130 183 1330 222 290———291

152 275 239 321 post
283 270 460 320 proelium
507 271 706 314 venerant,
745 280 863 317 prope
900 281 987 305 cum
1027 268 1240 318 ignominia
1281 270 1334 307 di-

153 336 267 373 missi.

111 405 133 441 6
233 399 401 436 Comitia
423 397 514 434 inde
539 397 673 433 habita
685 410 696 443 3
727 397 847 433 creati
867 396 1042 433 consules
1068 396 1110 434 L.
1131 396 1332 444 AEbutius,

469 460 511 497 P.
545 459 744 497 Servilius.
822 460 1002 496 Calendis
1031 459 1256 507 Sextilibus,
1286 465 1333 498 ut

153 510 435 534 PestilenceatRome.
641 523 648 530 .
706 524 712 530 .
747 524 754 530 .
936 524 944 531 .

151 541 208 576 'ripe
219 541 300 571 AEqui
312 540 438 564 andv01-
469 529 563 561 tunc
591 536 826 573 princlplum
854 537 947 560 anm
975 524 1172 573 agebatur,
1201 537 1332 562 consu-

119 603 133 619 2
152 578 187 632 {3
211 571 365 637 Γῗρῐῖζᾞῑιξὲρ
381 578 436 625 ’ἷῖῘὲ
467 589 590 624 latum
619 588 768 625 ineunt.
827 587 956 625 Grave
984 592 1138 637 tempus
1166 593 1206 625 et
1233 589 1334 626 forte

151 633 434 724 ἓῖξζίἓῖζὶπὲῗῑτεῗέζὲαέ
466 665 591 689 annus
614 653 799 702 pestilens
825 657 909 689 erat
937 653 1026 689 urbi
1052 653 1240 702 agrisque,
1261 666 1333 690 nec

152 722 282 778 tlzggmgtgg
308 724 367 778 {32‘
388 724 434 778 3³¹3
465 718 687 754 hominibus
706 718 828 767 magis
847 730 962 766 quam
981 717 1121 766 pecori,
1138 721 1177 754 et
1191 730 1332 754 auxere

151 785 232 839 ffuch
244 785 385 809 weakened
399 785 434 820 by
467 781 546 817 vim
560 781 684 817 morbi
696 785 841 817 terrore
856 779 1119 830 populationis
1132 780 1333 829 pecoribus

173 823 198 839 xe
222 816 318 846 plague
341 818 368 839 to
390 815 434 839 md

118 843 436 907 ³iii211¹1¹fagi1lea=ltss³ig³mgf
465 846 755 895 agrestibusque
792 847 835 882 in
871 846 1006 882 urbem
1039 844 1214 894 acceptis.
1275 845 1332 882 Ea

466 910 631 946 colluvio
662 909 874 946 mixtorum
911 910 1035 946 omnis
1067 909 1217 958 generis
1253 909 1333 945 ani-

152 974 342 1011 mantium
367 979 408 1010 et
435 974 549 1010 odore
576 973 734 1010 insolito
762 974 930 1010 urbanos
960 977 1000 1009 et
1027 976 1216 1022 agrestem
1244 985 1331 1009 con-

150 1039 295 1076 fertum
327 1040 369 1076 in
397 1044 482 1076 arta
508 1043 613 1075 tecta
641 1043 737 1076 aestu
763 1051 807 1075 ac
833 1039 977 1087 vigiliis
1005 1039 1182 1087 angebat,
1203 1037 1333 1075 minis-

150 1103 323 1152 teriaque
351 1104 392 1140 in
418 1103 542 1140 vicem
567 1116 611 1140 ac
637 1103 814 1152 contagio
833 1103 917 1152 ipsa
935 1102 1148 1151 vulgabant
1167 1102 1329 1140 morbos.

117 1181 131 1202 4
151 1167 233 1202 Vix
278 1167 470 1204 instantes
516 1167 799 1205 sustinentibus
844 1167 972 1203 clades
1012 1171 1170 1215 repente
1215 1166 1332 1215 legati

151 1231 316 1267 Hernici
335 1231 532 1277 nuntiant,
554 1231 596 1267 in
615 1243 706 1280 agro
726 1243 795 1267 suo
815 1230 967 1280 AEquos
987 1230 1225 1279 Volscosque
1245 1242 1333 1266 con-

150 1295 293 1332 iunctis
325 1295 444 1344 copiis
477 1299 603 1331 castra
635 1295 819 1344 posuisse,
852 1295 943 1331 inde
971 1295 1146 1331 exercitu
1179 1293 1330 1342 ingenti

118 1375 132 1398 5
151 1360 244 1397 fines
272 1372 361 1396 suos
388 1359 625 1409 depopulari.
684 1359 950 1408 Praeterquam
980 1359 1083 1408 quod
1109 1358 1332 1407 infrequens

149 1429 306 1462 senatus
333 1425 477 1462 indicio
510 1429 594 1461 erat
622 1425 746 1470 sociis,
776 1425 959 1461 afflictam
987 1423 1186 1460 civitatem
1218 1423 1332 1473 pesti—

150 1489 271 1526 lentia
299 1501 388 1534 esse,
420 1493 596 1525 maestum
626 1489 743 1526 etiam
771 1502 997 1538 responsum
1026 1488 1161 1535 tulere,
1191 1493 1236 1524 ut
1263 1501 1333 1538 per

149 1566 189 1590 se
234 1554 307 1602 ipsi
341 1553 507 1589 Hernici
544 1566 631 1589 oum
670 1553 822 1590 Latinis
858 1565 918 1589 res
957 1565 1044 1589 suas
1080 1557 1330 1599 tutarentur;

149 1617 282 1654 urbem
316 1617 531 1653 Romanam
569 1618 698 1654 subita
725 1618 837 1654 deum
876 1617 934 1653 ira
967 1617 1099 1653 morbo
1129 1617 1331 1666 populari;

148 1683 182 1719 si
209 1695 285 1732 qua
304 1683 387 1719 eius
406 1683 497 1719 mali
517 1683 626 1731 quies
647 1683 788 1729 veniat,
810 1687 856 1719 ut
874 1695 976 1719 anno
995 1688 1096 1728 ante,
1119 1688 1164 1719 ut
1182 1695 1332 1732 semper

115 1759 130 1783 6
147 1748 254 1793 alias,
278 1748 390 1784 sociis
415 1760 526 1796 opem
555 1747 710 1784 laturos.
770 1747 989 1784 Discessere
1012 1747 1115 1791 socii,
1137 1760 1206 1796 pro
1226 1747 1331 1783 tristi

147 1813 287 1850 nuntio
318 1812 528 1849 tristiorem
567 1812 722 1849 domum
760 1811 979 1857 referentes,
1015 1812 1157 1861 quippe
1190 1812 1330 1861 quibus

147 1891 215 1928 per
243 1891 282 1915 se
315 1877 583 1914 sustinendum
616 1877 759 1914 bellum
789 1881 883 1921 erat,
914 1875 1016 1925 quod
1042 1877 1111 1912 vix
1142 1875 1331 1914 Romanis

116 1963 128 1985 7
147 1942 240 1979 fulti
260 1942 408 1978 viribus
428 1940 715 1978 sustinuissent.
756 1940 848 1977 Non
867 1939 1017 1976 diutius
1035 1952 1075 1976 se
1094 1939 1134 1976 in
1156 1939 1330 1977 Hernico

148 2007 269 2044 hostis
299 2006 521 2052 continuit3
554 2005 682 2054 pergit
714 2005 805 2042 inde
838 2005 1004 2041 infestus
1034 2004 1077 2041 in
1109 2017 1221 2054 agros
1254 2004 1329 2041 Ro-

149 2084 290 2117 manos,
312 2071 429 2114 etiam
458 2071 540 2107 sine
569 2071 658 2107 belli
685 2070 829 2107 iniuria¹
855 2074 1037 2106 vastatos.
1097 2069 1180 2107 Ubi
1208 2082 1327 2118 quum

147 2141 282 2177 obvius
310 2153 423 2176 nemo
451 2152 499 2175 ne
527 2139 686 2175 inermis
709 2138 864 2187 quidem
893 2138 1012 2183 fieret,
1033 2149 1177 2187 perque
1200 2137 1330 2174 omnia

147 2218 225 2242 non
255 2204 443 2254 praesidiis
475 2203 588 2239 modo
617 2203 777 2247 deserta,
808 2201 874 2238 sed
903 2201 1019 2238 etiam
1050 2201 1157 2238 cultu
1186 2202 1328 2251 agresti

146 2270 369 2311 transirent,
390 2280 598 2317 pervenere
624 2267 669 2304 ad
700 2266 855 2303 tertium
881 2266 1047 2316 lapidem
1072 2265 1224 2302 Gabina
1251 2265 1325 2305 via,
