1438 2466
132 154 182 191 28
646 153 708 189 LI
717 153 799 190 VII
1084 153 1215 206 [A.U.c.
1240 167 1312 205 259

130 252 287 289 incensa
306 252 434 297 fuerit,
457 252 608 300 direpta
633 251 773 297 omnia,
796 264 932 300 pecora
955 252 1100 297 abacta,
1122 251 1313 289 tributum

129 315 265 366 iniquo
298 329 366 353 suo
399 321 572 364 tempore
604 315 850 365 imperatum,
890 329 940 353 aes
969 316 1140 352 alienum
1168 315 1310 353 fecisse.

97 392 113 416 6
131 381 179 418 Id
203 382 443 418 cumulatum
470 381 598 417 usuris
624 381 747 430 primo
772 393 811 417 se
836 394 927 430 agro
952 386 1113 430 paterno
1132 382 1313 430 avitoque

131 446 293 491 exuisse,
324 445 462 482 deinde
490 445 656 481 fortunis
684 445 794 492 aliis3
827 450 1021 494 postremo
1050 446 1159 482 velut
1185 446 1313 482 tabem

130 510 351 560 pervenisse
381 510 429 546 ad
459 523 623 559 corpus;
667 510 826 546 ductum
860 524 900 547 se
933 511 981 547 ab
1011 511 1200 548 creditore
1236 524 1315 548 non

130 576 171 611 in
200 574 413 619 servitium,
435 574 501 610 sed
530 575 571 609 iu
599 574 836 622 ergastulum
865 580 904 611 et
932 575 1196 611 carnificinam
1222 588 1312 613 esse.

98 648 112 671 7
132 639 231 675 Inde
272 643 467 675 ostentare
509 643 661 687 tergum
704 639 849 675 foedum
887 640 1107 676 recentibus
1142 640 1316 689 vestigiis

131 704 346 741 verberum.
409 703 475 739 Ad
512 703 591 738 haec
630 703 713 739 visa
751 703 963 752 auditaque
1000 704 1144 740 clamor
1180 704 1316 752 ingens

131 769 264 805 oritur.
323 768 416 805 Non
444 768 520 805 iam
550 768 634 804 foro
662 781 702 805 se
727 769 922 805 tumultus
948 773 1066 815 tenet,
1088 769 1154 806 sed
1173 769 1316 818 passim

99 846 112 869 8
130 837 255 869 totam
281 833 414 869 urbem
439 833 629 882 pervadit.
687 833 793 869 Nexi
818 833 940 869 vincti
966 833 1159 882 solutique
1183 847 1224 870 se
1247 847 1317 870 un-

131 897 247 946 dique
280 897 322 933 in
354 897 553 946 publicum
587 897 819 946 proripiunt,
855 897 1067 946 implorant
1103 898 1315 943 Quiritium

132 961 257 998 fidem.
315 960 439 997 Nullo
458 960 541 997 loco
561 960 669 996 deest
688 960 889 996 seditionis
908 961 1154 998 voluntarius
1172 974 1316 1007 comcs;

131 1026 266 1061 multis
291 1025 432 1074 passim
458 1025 678 1074 agminibus
704 1038 772 1074 per
791 1038 923 1062 omnes
943 1026 1026 1062 vias
1045 1039 1131 1062 cum
1152 1027 1317 1065 clamore

98 1108 113 1130 9
130 1091 172 1126 iu
191 1091 317 1127 forum
334 1090 513 1127 curritur.
568 1090 714 1140 Magno
733 1103 820 1127 cum
840 1091 1010 1140 periculo
1029 1104 1108 1138 suo,
1131 1092 1199 1141 qui
1217 1092 1316 1128 forte

85 1175 115 1191 10
132 1159 287 1204 patrum
312 1154 354 1190 in
379 1154 462 1190 foro
489 1158 610 1200 erant,
632 1154 674 1190 in
694 1167 778 1190 eam
799 1155 955 1191 turbam
974 1155 1219 1202 inciderunt;
1246 1169 1317 1192 nec

133 1221 391 1265 temperatum
424 1216 603 1252 manibus
632 1217 744 1265 foret,
783 1218 825 1253 ni
862 1230 1023 1266 propere
1054 1218 1239 1264 consules,
1270 1219 1313 1255 P.

133 1281 320 1317 Servilius
349 1285 389 1317 et
415 1281 518 1330 App.
551 1281 748 1328 Claudius,
779 1281 827 1318 ad
860 1282 1185 1331 comprimendam
1222 1283 1317 1320 sedi-

132 1347 279 1383 tionem
316 1346 628 1383 intervenissent.
686 1347 747 1382 At
783 1347 824 1382 in
862 1359 925 1383 eos
962 1347 1176 1384 multitudo
1208 1362 1317 1385 versa

85 1424 112 1439 ¹1
132 1415 328 1447 ostentare
361 1410 516 1446 vincula
545 1423 615 1446 sua
643 1410 1008 1460 deformitatemque
1036 1411 1162 1450 aliam.
1221 1413 1316 1449 Haec

132 1488 172 1511 se
201 1475 360 1511 meritos
390 1475 525 1521 dicere,
561 1477 840 1524 exprobrantes
877 1490 985 1513 suam
1017 1478 1180 1527 quisque
1217 1478 1317 1515 alius

132 1542 225 1578 alibi
245 1541 426 1577 militiam
440 1556 450 1589 3
479 1541 673 1590 postulare
693 1542 818 1578 multo
838 1542 1040 1579 minaciter
1060 1543 1181 1592 magis
1200 1557 1317 1592 quam

133 1607 370 1656 suppliciter,
392 1610 437 1642 ut
465 1611 642 1642 senatum
673 1611 858 1643 vocarent
872 1621 880 1653 5
910 1607 1135 1655 curiamque
1159 1608 1234 1656 ipsi
1259 1608 1316 1644 fu-

133 1671 213 1707 turi
238 1670 378 1706 arbitri
403 1670 742 1719 moderatoresque
767 1670 912 1719 publici
937 1671 1088 1707 consilii
1107 1671 1317 1708 circumsis-

85 1749 114 1764 12
136 1740 235 1773 tunt.
293 1734 415 1770 Pauci
439 1733 647 1770 admodum
674 1738 842 1782 patrum,
863 1746 958 1783 quos
983 1748 1091 1770 casus
1110 1735 1316 1781 obtulerat,

134 1799 323 1837 contracti
347 1799 396 1835 ab
421 1799 670 1845 consulibus3
701 1803 847 1836 ceteros
872 1804 998 1836 metus
1022 1813 1099 1835 non
1119 1801 1225 1837 curia
1244 1814 1319 1837 mo-

135 1865 194 1911 do,
216 1864 282 1901 sed
310 1864 428 1900 etiam
458 1862 543 1899 foro
571 1863 737 1909 arcebat,
766 1876 835 1899 nec
860 1863 921 1912 agi
946 1864 1151 1913 quicquam
1177 1878 1246 1913 per
1263 1865 1319 1901 in-

88 1944 116 1967 ¹3
134 1929 394 1979 frequentiam
419 1932 572 1977 poterat
596 1932 763 1965 senatus.
826 1928 925 1964 Tum
953 1941 1042 1964 vcro
1070 1928 1174 1965 cludi
1202 1933 1319 1978 atque

134 1994 289 2031 extrahi
314 2007 354 2030 se
378 1992 592 2029 multitudo
618 1997 765 2042 putare,
792 1997 832 2029 et
858 1998 1011 2041 patrum
1037 1993 1106 2042 qui
1129 1993 1317 2039 abessent,

135 2072 212 2096 non
238 2071 342 2104 casu,
363 2070 442 2093 nou
467 2060 585 2102 metu,
607 2056 674 2092 sed
694 2056 947 2106 impediendae
969 2056 1024 2092 rei
1043 2069 1158 2092 causa
1176 2057 1318 2101 abesse,

136 2127 176 2159 et
198 2121 374 2158 consules
398 2121 501 2170 ipsos
526 2120 783 2169 tergiversari,
811 2133 881 2156 nec
907 2121 1023 2156 dubie
1051 2121 1220 2157 ludibrio
1239 2134 1320 2157 esse

88 2198 116 2222 ¹⁴
138 2186 309 2223 miserias
334 2198 432 2222 suas.
493 2185 576 2220 Ian]
603 2197 720 2234 prope
745 2189 838 2230 erat,
867 2189 911 2220 ut
941 2198 988 2220 ιιι)
1017 2184 1218 2221 consulum
1241 2185 1319 2233 qui-

136 2251 221 2287 dem
252 2250 432 2286 maiestas
460 2253 649 2285 correct-vt
678 2249 753 2285 iras
782 2249 993 2293 hominum,
1022 2261 1139 2297 quum
1171 2247 1319 2294 incerti,
