1438 2466
145 157 196 193 54
661 154 813 191 LIVII
886 149 891 166 ²
963 152 1325 205 [A.U.0.273—274

146 254 401 304 iniungendae,
432 256 649 301 susceperat
676 265 757 289 rem
786 252 996 289 militarem
1024 253 1319 303 impediendam.

115 329 132 354 4
148 318 329 356 Ceterum
362 322 445 354 tota
475 317 625 353 invidia
656 317 875 353 tribunieiae
902 317 1108 366 potestatis
1138 331 1250 355 versa
1281 320 1324 356 in

147 388 343 420 auctorem
362 387 430 428 est,
451 395 522 418 nec
541 382 583 418 in
603 395 690 418 eum
711 381 886 419 consules
905 382 1033 419 acrius
1059 395 1178 432 quam
1200 384 1323 433 ipsius

147 448 298 497 collegae
318 446 439 484 coorti
458 450 561 492 sunt,
583 446 806 496 auxilioque
825 458 956 483 eorum
981 446 1166 484 dilectum
1191 461 1324 485 consu-

309 552 314 557 ,
430 511 485 547 les
504 510 661 548 habent.
720 510 882 547 Adduo
910 510 1025 547 simul
1053 511 1155 548 bella
1181 512 1325 549 exerei-

150 552 207 576 ssad
220 552 366 576 bellaviour
376 552 405 577 of
589 575 595 582 ,
630 575 636 582 ,
1072 575 1079 582 .
1128 575 1135 582 .
1253 576 1260 583 .

150 584 340 638 ὶιίῧὲξηιωαετ
354 583 405 608 Ρω
434 579 498 612 tus
525 575 708 612 scribitur
723 589 734 622 3
762 575 960 611 ducendus
984 575 1106 612 Fablo
1125 588 1167 612 ln
1186 576 1326 613 Veien-

437 643 508 685 tes,
528 639 571 675 in
590 639 742 688 AEquos
762 638 882 676 Furio
895 639 1018 677 datur.
1062 639 1115 676 Et
1129 641 1170 676 in
1185 639 1328 690 AEquis

119 712 135 737 6
151 701 305 751 quidem
325 703 423 740 nihil
443 704 604 753 dignum
623 704 808 740 memoria
826 707 978 752 gestum
1000 708 1059 740 est
1072 716 1083 750 3
1112 704 1233 741 Fabio
1262 704 1328 741 ali-

152 768 402 817 quantoplus
427 769 574 818 negotii
603 782 689 805 eum
718 768 867 805 civibus
896 781 1011 817 quam
1035 781 1122 805 cum
1149 768 1328 806 hostibus

152 831 238 868 fuit.
297 832 414 869 Unus
442 833 507 870 ille
535 833 607 879 vir,
629 833 710 882 ipse
730 833 874 879 consul,
897 846 978 870 rem
997 833 1193 883 publicam
1213 834 1328 870 susti-

153 897 251 943 nuit,
274 910 387 947 quam
409 898 601 936 exercitus
621 899 706 935 odio
727 899 904 945 consulis,
921 903 1112 949 quantum
1131 899 1226 936 inse
1239 899 1328 946 fuit,

121 969 135 992 7
153 963 349 1011 prodebat.
407 963 512 999 Nam
531 976 650 1013 quum
674 963 806 1000 consul
835 970 973 1013 praeter
1001 968 1146 1001 ceteras
1168 964 1330 1014 impera-

155 1027 274 1063 torias
306 1032 419 1074 artes,
455 1040 549 1077 quas
581 1028 753 1077 parando
791 1028 1033 1078 gerendoque
1071 1028 1172 1065 bello
1209 1028 1332 1066 edidit

155 1092 352 1142 plurimas,
391 1093 448 1129 ita
484 1092 737 1129 instruxisset
773 1092 905 1138 aciem,
944 1096 991 1129 ut
1027 1092 1107 1129 solo
1154 1093 1332 1142 equitatu

156 1158 293 1195 emisso
331 1158 544 1196 exercitum
581 1158 751 1195 hostiurn
799 1158 992 1204 funderet,
1031 1158 1183 1208 insequi
1228 1158 1333 1196 fusos

124 1231 138 1255 8
156 1223 270 1273 pedes
289 1223 438 1270 noluit;
467 1236 537 1260 nec
556 1223 654 1269 illos,
676 1223 750 1260 etsi
769 1236 848 1260 non
873 1223 1094 1260 adhortatio
1119 1223 1237 1260 invisi
1263 1223 1331 1261 du-

157 1288 221 1334 cis,
242 1301 354 1324 suum
383 1288 520 1325 saltem
548 1287 736 1337 flagitium
768 1292 807 1324 et
834 1287 1033 1337 publicum
1061 1287 1104 1324 in
1132 1288 1335 1337 praesentia

158 1353 330 1398 dedecus,
352 1352 552 1402 postmodo
572 1352 798 1402 periculum,
815 1353 847 1389 si
867 1352 1021 1389 animus
1040 1352 1143 1389 hosti
1158 1352 1330 1400 redisset,

158 1431 290 1468 eogere
323 1418 453 1467 potuit
484 1418 648 1467 gradum
678 1418 890 1454 accelerare
921 1422 1000 1463 aut,
1030 1417 1063 1454 si
1093 1417 1199 1454 aliud
1223 1417 1333 1465 nihil,

124 1497 139 1522 9
158 1488 260 1520 stare
297 1483 516 1520 instructos.
574 1483 732 1520 Iniussu
771 1483 881 1533 signa
919 1482 1104 1528 referunt,
1136 1483 1337 1533 maestique

161 1549 349 1598 (crederes
369 1548 519 1600 victos),
541 1553 784 1585 exsecrantes
803 1561 905 1585 nunc
927 1549 1210 1599 imperatorem,
1232 1561 1336 1584 nunc

112 1628 141 1644 ιο
159 1618 340 1650 navatam
370 1613 418 1649 ab
447 1613 577 1662 equite
605 1625 771 1662 operam,
798 1612 963 1649 redeunt
991 1612 1032 1648 in
1061 1616 1196 1650 eastra.
1255 1611 1338 1649 Nec

159 1678 249 1714 huic
261 1682 342 1714 tam
357 1677 556 1727 pestilenti
575 1677 752 1726 exemplo
770 1677 940 1714 remedia
956 1677 1035 1713 ulla
1047 1678 1094 1713 ab
1109 1677 1339 1727 imperatore

159 1743 322 1792 quaesita
350 1746 465 1790 suut3
503 1743 599 1779 adeo
629 1742 906 1779 excellentibus
934 1741 1100 1790 ingeniis
1129 1742 1243 1779 citius
1275 1742 1338 1779 de·

160 1808 280 1844 fuerit
300 1819 373 1853 ars,
391 1819 468 1856 qua
487 1807 610 1843 civem
639 1812 786 1856 regant,
808 1819 922 1856 quam
953 1819 1028 1855 qua
1055 1806 1204 1843 hostem
1233 1819 1340 1856 supe-

114 1876 258 1909 urent.
317 1871 461 1908 Consul
501 1870 666 1907 Romam
705 1871 822 1907 rediit
859 1883 937 1907 non
975 1876 1055 1907 tam
1094 1871 1185 1908 belli
1217 1871 1340 1920 gloria

161 1941 275 1973 aucta
312 1949 427 1985 quam
466 1935 621 1971 irritato
660 1935 966 1984 exacerbatoque
1003 1935 1044 1971 i11
1083 1948 1122 1972 se
1169 1936 1340 1973 militum

161 2001 258 2038 odio.
318 2000 532 2036 obtinuere
566 2004 698 2036 tamen
736 2005 877 2049 patres,
913 2005 957 2036 ut
994 2000 1036 2036 in
1074 2000 1196 2037 Fabia
1226 2005 1341 2050 gente

162 2065 384 2102 consulatus
414 2069 612 2102 maneret:
655 2065 708 2101 M.
751 2065 914 2101 Fabium
950 2065 1147 2102 consulem
1185 2070 1340 2112 creant;

163 2130 282 2167 Fabio
303 2130 445 2179 collega
467 2129 536 2167 Cn.
560 2129 735 2166 Manlius
755 2130 878 2167 datur.

94 2196 143 2233 44
242 2194 295 2232 Et
314 2195 375 2232 hic
395 2208 520 2232 annus
540 2195 742 2231 tribunum
763 2200 956 2231 auctorem
978 2194 1072 2242 legis
1092 2193 1251 2242 agrariae
1278 2193 1341 2230 ha-

161 2260 257 2296 buit.
313 2259 394 2297 Til).
427 2259 656 2296 Pontificius
684 2258 770 2294 fuit.
835 2259 874 2293 Is
902 2258 1061 2294 eandem
1092 2257 1206 2301 viam,
1235 2257 1342 2294 velut
