1438 2466
119 146 193 184 102
635 145 699 181 LI
703 145 786 182 VII
1061 142 1194 196 [A.U.c.
1219 157 1293 193 ²94

116 243 342 282 obsidentur
357 257 367 291 3
395 245 522 279 castra
541 255 740 279 servorum
769 241 943 290 publicos
963 245 1110 278 vestros
1133 245 1294 291 penates

85 327 101 350 4
117 311 252 345 tenent
266 321 276 354 3
303 307 383 344 haec
403 307 510 344 vobis
529 307 652 343 forma
671 320 772 343 sanae
793 307 965 343 civitatis
981 306 1156 343 videtur?
1197 306 1295 343 Tan-

116 375 201 408 tum
227 371 396 408 hostium
420 384 499 407 non
523 371 646 407 solum
675 371 780 407 intra
802 383 932 408 muros
958 375 1026 418 est,
1049 371 1114 407 sed
1139 371 1180 407 in
1207 383 1295 407 arce

117 448 232 484 supra
251 435 375 472 forum
396 435 643 483 curiamque3
668 435 823 471 comitia
844 435 1002 471 interim
1022 435 1063 470 in
1083 435 1166 471 foro
1188 439 1291 481 sunt,

116 504 273 536 senatus
309 500 351 535 in
388 499 494 535 curia-
533 503 590 536 est
604 512 616 545 3
655 499 764 536 velut
802 513 922 549 quum
965 500 1088 536 otium
1126 505 1291 549 superat,

117 568 272 600 senator
294 563 525 600 sententiam
556 563 662 609 dicit,
689 564 756 600 alii
783 564 957 608 Quirites
984 565 1208 613 suffragium
1237 566 1293 601 in-

84 649 100 673 5
117 633 221 666 eunt.
253 646 256 648 ·
279 627 382 674 Non,
405 627 589 677 quicquid
611 632 766 677 patrum
793 628 991 677 plebisque
1017 633 1085 674 est,
1106 629 1289 676 consules,

115 694 304 741 tribunos,
331 693 421 730 deos
439 693 690 742 hominesque
709 706 840 730 omnes
859 698 1028 731 armatos
1051 706 1160 743 opem
1179 694 1289 740 ferre,

115 757 157 794 in
187 757 422 806 Capitolium
453 770 617 804 currere,
648 757 811 793 liberare
842 770 884 793 ac
907 770 1042 806 pacare
1067 758 1290 806 augustissi-

82 835 98 860 6
116 834 218 857 mam
237 821 345 857 illam
364 821 520 857 domum
541 821 647 857 Iovis
666 820 803 869 optimi
828 821 990 857 maximi
1009 821 1158 857 decuit?
1213 820 1290 856 Ro-

116 886 219 922 mule
238 890 358 934 pater‚
381 889 424 921 tu
445 889 614 921 mentem
640 890 758 932 tuam,
784 897 860 933 qua
877 884 1072 934 quondam
1093 897 1218 921 arcem
1243 884 1293 920 ab

116 948 176 985 his
195 949 331 985 iisdem
352 948 504 985 Sabinis
523 961 618 985 auro
637 953 788 997 captam
804 949 991 997 recepisti,
1006 949 1055 984 da
1069 948 1182 996 stirpi
1197 952 1293 995 tuae3

116 1012 205 1049 iube
238 1013 337 1049 hanc
369 1012 521 1061 ingredi
553 1012 668 1057 viam,
704 1024 819 1061 quam
853 1016 896 1048 tu
929 1012 1020 1056 dux,
1055 1025 1170 1060 quam
1203 1016 1294 1047 tuus

115 1076 310 1125 ingressus
329 1076 522 1112 exercitus
541 1080 608 1112 est.
668 1075 826 1112 Primus
849 1088 897 1112 en
923 1088 991 1124 ego
1010 1075 1154 1120 consul,
1176 1088 1294 1124 quan-

116 1144 198 1175 tum
221 1139 394 1175 mortalis
414 1140 527 1176 deum
547 1152 712 1188 possum,
729 1143 768 1175 te
787 1152 830 1175 ac
849 1143 917 1175 tua
936 1139 1097 1187 vestigia
1123 1138 1294 1187 sequar.''

82 1217 96 1238 7
115 1218 174 1242 who
206 1218 341 1242 threatens
370 1219 398 1241 to
433 1203 631 1240 Ultimum
652 1203 836 1239 orationis
855 1202 943 1249 fuit,
966 1215 1004 1239 se
1023 1215 1128 1239 arma
1148 1215 1292 1251 capere,

115 1251 399 1334 {fffftmsssslvsssslfffiffl
433 1280 569 1304 vocare
580 1280 711 1304 omnes
719 1267 891 1312 Quirites
902 1267 950 1303 ad
965 1280 1087 1314 arma3
1104 1267 1135 1303 si
1149 1267 1215 1316 qui
1227 1267 1289 1303 im.

115 1312 396 1370 520358133231522533·
430 1332 571 1380 pediat,
586 1332 663 1368 iam
679 1346 718 1369 se
731 1332 942 1369 consularis
957 1332 1121 1380 imperii,
1136 1331 1212 1367 iam
1227 1331 1295 1368 tri-

115 1397 278 1433 buniciae
296 1397 499 1446 potestatis
518 1402 829 1446 sacratarumque
849 1397 975 1445 legum
995 1397 1172 1440 oblitum,
1195 1397 1290 1445 quis-

116 1461 202 1509 quis
215 1461 279 1497 ille
291 1461 352 1506 sit,
364 1461 593 1509 ubicumque
606 1461 668 1507 sit,
678 1461 718 1496 in
733 1460 932 1509 Capitolio,
945 1461 985 1495 in
1002 1459 1172 1508 foro‚pro
1186 1460 1293 1496 hoste.

83 1537 98 1561 8
116 1525 350 1562 habiturum.
408 1525 595 1561 Iuberent
629 1524 790 1568 tribuni,
829 1523 1009 1572 quoniam
1046 1523 1085 1558 in
1119 1522 1292 1570 Appium

118 1590 363 1627 Herdonium
390 1594 578 1636 vetarent,
604 1590 645 1625 in
676 1590 716 1625 P.
740 1588 944 1624 Vale-rium
969 1587 1163 1623 consulem
1193 1588 1293 1622 sumi

117 1667 247 1700 arma3
276 1667 462 1690 ausurum
482 1667 521 1690 se
541 1654 581 1689 iu
609 1654 787 1698 tribunis,
809 1653 911 1702 quod
932 1653 1109 1701 princeps
1138 1651 1294 1687 familiae

82 1741 98 1765 9
117 1731 193 1754 suae
214 1730 329 1754 ausus
349 1718 390 1754 in
409 1718 563 1766 regibus
589 1723 695 1753 esset.
757 1717 851 1753 Vim
882 1717 1059 1752 ultimam
1085 1716 1295 1764 apparebat

117 1782 288 1819 futuram
309 1782 601 1831 spectaculoque
628 1782 853 1818 seditionem
883 1781 1098 1816 Romanam
1120 1779 1295 1816 hostibus

119 1846 209 1883 fore.
274 1846 313 1882 N
316 1859 358 1883 cc
395 1847 457 1882 lex
494 1851 625 1882 tamen
656 1846 748 1882 ferri
782 1858 849 1881 nec
887 1844 942 1880 ire
980 1843 1019 1879 in
1059 1843 1294 1891 Capitolium

119 1911 251 1948 consul
273 1911 399 1959 potuit
412 1925 421 1957 3
451 1923 528 1946 nox
544 1910 752 1946 certamina
766 1914 887 1957 coepta
903 1908 1090 1957 oppressit
1108 1920 1118 1953 ;
1147 1907 1294 1943 tribuni

69 1998 99 2014 10
120 1989 262 2012 cessere
283 1975 400 2020 nocti,
427 1975 609 2011 timentes
629 1974 828 2010 consulum
857 1985 973 2008 arma.
1033 1972 1188 2007 Amotis
1206 1971 1295 2007 inde

119 2040 320 2077 seditionis
339 2039 574 2084 auctoribus,
593 2044 721 2087 patres
741 2036 941 2073 circumire
962 2034 1110 2083 plebem
1130 2034 1296 2070 inseren-

122 2112 254 2154 tesque
280 2118 319 2141 se
344 2105 383 2141 in
414 2104 575 2141 circulos
603 2116 795 2139 sermones
824 2101 986 2150 tempori
1015 2104 1125 2148 aptos
1149 2111 1294 2144 serere3

121 2170 338 2215 admonere,
373 2173 417 2205 ut
441 2167 629 2209 videre-nt,
655 2167 693 2203 in
724 2166 825 2215 quod
853 2164 1058 2200 discrimen
1093 2175 1170 2198 rem
1205 2162 1295 2211 pub-

71 2255 100 2272 u
122 2235 232 2272 licam
263 2234 506 2272 adducerent.
566 2233 657 2269 Non
689 2233 791 2268 inter
822 2235 950 2280 patres
974 2242 1017 2265 ac
1044 2227 1190 2276 plebem
1222 2240 1293 2264 cer-
