1438 2466
128 89 201 128 166
643 87 791 124 LIVII
1069 85 1199 138 [A.U.c.
1223 86 1298 135 308

92 200 108 226 9
126 184 412 233 ratissimosque
450 183 551 232 passi
589 195 729 220 sumus.
787 182 976 220 Tribunos
1016 183 1139 232 plebis
1175 195 1302 218 creare

127 250 269 286 iterum
288 248 465 284 voluistis
478 260 488 294 3
517 247 683 285 creastis
742 247 926 284 Consules
945 247 1067 284 facere
1086 251 1301 283 vestrarum
1333 269 1337 273 ·

128 313 322 363 partium;
351 313 422 349 etsi
451 312 625 361 patribus
652 311 878 348 videbamus
905 311 1069 360 iniquos,
1099 311 1302 360 patricium

131 389 282 428 quoque
332 376 601 425 magistratum
652 374 755 423 plebi
806 374 948 411 donum
995 374 1078 410 fieri
1123 374 1301 413 vidimus.

131 443 339 480 Auxilium
375 440 640 486 tribunicium,
674 440 984 488 provocationem
1022 439 1070 475 ad
1106 439 1302 488 populum,

132 507 228 545 scita
252 507 373 556 plebis
399 506 573 542 iniuncta
597 505 782 554 patribus,
803 505 873 540 sub
898 504 1014 540 titulo
1033 503 1306 552 aequandarum

83 589 116 606 πο
132 573 259 622 legum
287 575 418 608 nostra
440 570 526 606 iura
551 581 729 619 oppressa
754 569 916 605 tulimus
942 575 980 605 et
1004 568 1170 607 ferimus.
1231 568 1308 613 Qui

134 637 221 674 finis
239 637 314 673 erit
332 635 628 673 discordiarum?
652 633 846 683 ecquando
866 646 983 670 unam
1002 633 1136 669 urbem
1156 632 1306 677 habere,

133 701 330 752 ecquando
349 712 588 737 communem
608 699 706 735 hanc
724 710 803 735 esse
822 698 986 747 patriam
1006 697 1160 733 licebit?
1199 696 1309 733 Victi

134 780 202 804 nos
221 765 386 815 aequiore
405 766 533 801 animo
552 763 782 813 quiescimus
801 774 915 811 quam
935 774 1003 798 vos
1023 761 1195 799 victoreS.
1221 810 1225 816 ι
1247 761 1310 797 Sa-

86 850 114 866 n
135 833 235 868 tisne
263 835 331 876 est,
361 831 472 867 nobis
499 841 567 866 vos
595 827 819 864 metuendos
846 827 954 864 esse?
1010 826 1211 862 Adversus
1243 838 1312 861 nos

137 896 382 934 Aventinum
426 894 587 942 capitur,
626 893 808 930 adversus
848 903 918 927 nos
955 890 1069 927 Sacer
1105 895 1313 940 occupatur

136 974 257 999 mons.
314 959 507 1008 Esquilias
540 957 707 994 vidimus
739 957 787 993 ab
824 955 932 992 hoste
964 968 1080 1005 prope
1112 962 1242 1004 captas
1275 960 1314 991 et

137 1025 384 1063 scandentem
427 1023 468 1058 ‘m
511 1034 685 1071 aggerem
723 1020 919 1057 Volscum.
997 1019 1162 1056 Hostem
1202 1032 1314 1055 nemo

70 1096 119 1133 68
138 1089 347 1128 summovit
363 1102 372 1135 ;
406 1088 448 1124 in
480 1100 549 1124 nos
584 1086 668 1131 viri,
698 1086 740 1122 in
769 1098 838 1122 nos
870 1085 1010 1122 armati
1037 1085 1137 1123 estis.
1195 1085 1315 1133 Agite

139 1154 242 1201 dum,
259 1153 326 1190 ubi
345 1153 407 1189 hic
426 1152 571 1188 curiam
591 1150 912 1187 circumsederitis
927 1154 966 1186 et
982 1149 1109 1186 forum
1130 1149 1314 1186 infestum

107 1241 120 1257 2
139 1218 307 1255 feceritis
335 1222 375 1254 et
402 1228 590 1253 carcerem
619 1214 874 1263 impleveritis
902 1213 1150 1263 principibus,
1180 1213 1315 1250 iisdem

140 1284 224 1320 istis
242 1283 432 1319 ferocibus
451 1280 591 1318 animis
616 1279 843 1328 egredimini
869 1283 981 1315 extra
1005 1283 1155 1328 portam
1182 1278 1317 1327 Esqui-

141 1349 272 1394 linam,
294 1352 372 1392 aut,
394 1346 426 1383 si
452 1359 500 1382 ne
525 1345 595 1381 hoc
620 1344 776 1394 quidem
800 1343 962 1389 audetis,
983 1355 1031 1380 ex
1057 1340 1177 1379 muris
1205 1343 1318 1379 visite

141 1424 251 1461 agros
283 1414 430 1447 vestros
462 1409 563 1446 ferro
595 1408 750 1458 ignique
783 1411 963 1454 vastatos,
998 1407 1165 1456 praedam
1202 1407 1316 1456 abigi,

109 1500 122 1522 3
142 1476 292 1513 fumare
314 1475 469 1511 incensa
488 1474 626 1523 passim
655 1477 764 1509 tecta.
823 1473 882 1508 At
901 1462 1003 1509 enim
1024 1472 1234 1508 communis
1259 1484 1320 1508 res

142 1554 210 1590 per
235 1541 314 1577 haec
342 1540 423 1576 loco
451 1543 510 1575 est
537 1538 666 1588 peiore
679 1552 689 1585 ;
717 1550 806 1586 ager
834 1537 973 1583 uritur,
995 1537 1086 1573 urbs
1111 1536 1318 1581 obsidetur,

142 1606 233 1643 belli
259 1605 380 1654 gloria
405 1616 520 1653 penes
545 1603 673 1640 hostes
696 1606 762 1638 est.
822 1601 925 1646 Quid
951 1600 1133 1637 tandem?
1160 1600 1320 1649 privatae

143 1683 203 1707 res
221 1673 357 1706 vestrae
377 1668 418 1704 in
438 1680 513 1717 quo
533 1671 636 1703 statu
657 1667 773 1703 sunt?
822 1666 907 1701 Iam
927 1665 1134 1713 unicuique
1154 1677 1201 1701 ex
1221 1665 1322 1713 agris

111 1746 212 1780 4sua
249 1732 390 1769 damna
425 1731 722 1767 nuntiabuntur.
782 1729 884 1774 Quid
921 1734 979 1765 est
1016 1729 1171 1765 taudem
1205 1729 1319 1776 domi,

143 1799 246 1835 unde
272 1811 316 1834 ea
343 1797 555 1846 expleatis?
609 1795 771 1832 Tribuni
798 1795 907 1832 vobis
931 1794 1069 1830 amissa
1094 1793 1256 1830 reddent
1281 1806 1322 1830 ac

147 1862 378 1899 restituent?
435 1861 551 1897 Vocis
578 1861 869 1908 verborumque,
890 1863 1079 1908 quantum
1100 1858 1247 1903 voletis,
1269 1858 1323 1894 in-

144 1931 290 1976 gerent,
323 1931 362 1963 et
392 1926 597 1962 criminum
630 1925 671 1961 in
702 1924 894 1974 principes
925 1928 963 1960 et
1001 1923 1127 1971 legum
1160 1922 1322 1958 aliarum

145 2005 260 2041 super
278 1991 373 2028 alias
393 1995 431 2027 et
451 1991 695 2036 contionum
717 1989 782 2025 sed
803 2002 850 2025 ex
870 1988 947 2024 illis
962 1987 1205 2024 contionibus
1224 2000 1322 2023 nun-

146 2070 262 2107 quam
291 2060 461 2093 vestrum
491 2056 693 2104 quisquam
723 2067 774 2100 re,
805 2054 961 2090 fortuna
989 2053 1144 2089 domum
1178 2052 1326 2088 auctior

116 2141 130 2166 5
147 2121 273 2157 rediit.
331 2120 474 2169 Ecquis
492 2119 648 2156 rettulit
667 2118 813 2167 aliquid
833 2117 881 2154 ad
901 2117 1100 2166 coniugem
1120 2129 1163 2153 ac
1186 2116 1326 2153 liberos

148 2189 286 2232 praetor
312 2184 409 2229 odia,
435 2183 672 2227 offimionos,
698 2181 914 2218 simultates
942 2181 1114 2230 publicas
1142 2180 1326 2229 privatas-
