1438 2466
98 165 203 194 mn.
225 152 319 206 460]
539 153 711 190 LIBER
747 151 833 190 III.
1200 152 1274 189 105

99 250 231 288 bunali
250 262 329 287 non
346 249 389 286 in
406 248 516 298 plebe
534 247 743 285 coercenda
760 260 876 297 quam
894 251 1033 284 senatu
1052 246 1276 294 castigando

98 313 362 352 vehementior
379 312 470 359 fuit,
490 313 600 349 cuius
618 313 766 349 ordinis
784 312 971 361 languore
995 312 1173 361 perpetui
1197 312 1273 348 iam

99 379 246 416 tribuni
274 378 408 428 plebis,
438 390 516 414 non
544 382 590 413 ut
617 377 659 413 in
686 390 728 414 re
755 377 909 426 publica
934 376 1067 426 populi
1094 376 1271 422 Romani,

94 442 161 481 sed
198 447 244 478 ut
278 442 320 478 in
352 440 505 490 perdita
541 441 654 477 domo
687 441 821 490 lingua
859 441 1163 490 criminibusque
1194 453 1274 489 reg-

95 510 256 545 narent:
284 519 371 543 cum
395 505 550 543 Caesone
576 505 658 542 filio
685 518 754 542 suo
782 505 981 547 virtutem,
1002 505 1272 550 constantiam,
1289 515 1305 538 5

93 571 225 608 omnia
242 570 457 607 iuventutis
479 569 572 606 belli
601 569 781 619 domique
807 569 943 606 decora
969 569 1080 617 pulsa
1107 581 1157 605 ex
1179 569 1273 605 urbe

93 635 271 672 Romana
299 638 340 671 et
366 634 502 684 fugata
533 647 614 671 esse
627 648 638 682 3
666 634 856 682 loquaces,
890 634 1102 680 seditiosos,
1128 633 1274 670 semina

40 721 44 725 ·
91 699 380 745 discordiarum,
419 700 563 736 iterum
599 711 643 735 ac
680 699 840 734 tertium
877 698 1057 734 tribunos
1098 698 1273 747 pessimis

91 764 251 809 artibus,
281 763 388 812 regia
415 763 573 800 licentia
599 763 741 800 vivere.
802 762 962 799 “Aulus
974 764 991 779 ''
1018 763 1148 811 inquit
1174 762 1272 799 “ille
1289 774 1306 799 6

92 827 315 877 Verginius,
336 827 428 877 quia
446 828 489 864 in
509 827 702 876 Capitolio
727 840 805 864 non
829 827 917 872 fuit,
943 827 1072 863 minus
1093 826 1271 876 supplicii

89 905 205 942 quam
233 894 388 943 Appius
419 893 646 929 Herdonius
673 892 839 929 meruit?
903 892 998 929 Plus
1024 892 1180 928 hercule
1206 891 1272 927 ali-

89 964 245 1008 quanto,
271 959 339 1008 qui
367 972 458 996 vere
482 971 564 996 rem
593 959 784 995 aestimare
812 957 919 994 velit.
977 957 1214 1002 Herdonius,
1240 957 1272 992 si

88 1023 187 1060 nihil
215 1023 335 1069 aliud,
361 1023 511 1060 hostem
539 1036 580 1059 se
608 1022 766 1059 fatendo
794 1034 912 1071 prope
937 1021 1196 1067 denuntiavit,
1226 1025 1272 1057 ut

88 1100 196 1124 arma
217 1088 428 1137 mperetis3
456 1087 519 1123 hic
546 1087 722 1136 negando
748 1085 894 1123 bellum
923 1098 1004 1122 esse
1031 1098 1139 1122 arma
1161 1085 1271 1122 vobis

87 1151 234 1188 ademit
263 1152 464 1200 nudosque
494 1151 615 1187 servis
647 1150 787 1187 vestris
820 1156 859 1186 et
889 1149 1088 1186 exsulibus
1117 1149 1267 1187 obiecit.

89 1215 142 1252 Et
161 1229 228 1253 vos
249 1216 307 1264 (C.
339 1215 493 1253 Claudii
522 1228 613 1264 pace
638 1219 678 1251 et
704 1214 746 1250 P.
778 1214 929 1250 Valerii
948 1213 1093 1250 mortui
1118 1213 1269 1262 loquar)
1286 1232 1301 1256 7

87 1281 195 1330 prius
226 1281 267 1317 in
295 1281 443 1317 clivum
473 1279 737 1329 Capitolinum
769 1279 880 1328 signa
911 1278 1113 1324 intulistis,
1153 1291 1266 1327 quam

86 1344 155 1382 hos
182 1345 312 1382 hostes
338 1344 385 1381 de
415 1344 500 1380 foro
528 1343 743 1380 tolleretis?
798 1342 929 1379 Pudet
959 1342 1118 1379 deorum
1145 1343 1267 1379 homi-

86 1421 266 1458 numque.
323 1408 454 1453 Quum
481 1408 612 1445 hostes
638 1408 679 1444 in
706 1420 804 1453 arce,
834 1407 877 1444 in
906 1407 1100 1456 Capitolio
1128 1410 1266 1453 essent,

86 1471 262 1508 exsulum
299 1474 340 1508 et
375 1484 576 1508 servorum
613 1471 705 1517 dux,
744 1471 961 1519 profanatis
998 1470 1187 1516 omnibus,
1226 1470 1265 1505 in

85 1535 179 1572 cella.
217 1535 325 1571 Iovis
361 1535 499 1584 optimi
536 1535 698 1571 maximi
742 1535 949 1580 habitaret,
983 1533 1141 1570 Tusculi
1177 1539 1267 1570 anto

85 1611 199 1648 quam
229 1599 361 1636 Romae
391 1605 483 1636 sunt
513 1613 629 1636 arma.
688 1600 738 1636 In
774 1599 894 1636 dubio
925 1600 1011 1646 fuit,
1050 1604 1182 1637 utrum
1221 1600 1262 1636 L.
1281 1609 1297 1634 8

86 1663 296 1710 Mamilius,
334 1663 576 1700 Tusculanus
613 1664 706 1710 dux,
753 1676 803 1700 an
841 1665 883 1701 P.
925 1664 1109 1700 Valerius
1144 1669 1185 1701 et
1222 1663 1261 1699 C.

85 1727 269 1765 Claudius
288 1729 462 1765 consules
488 1729 707 1765 Romanam
730 1741 857 1765 arcem
883 1728 1093 1765 liberarent
1101 1742 1111 1774 3
1139 1732 1179 1764 et
1198 1728 1265 1776 qui

83 1797 172 1838 ante
194 1793 353 1829 Latinos
379 1806 427 1829 ne
456 1806 526 1842 pro
552 1806 592 1829 se
615 1793 770 1842 quidem
792 1793 896 1842 ipsis,
919 1805 1038 1842 quum
1059 1793 1101 1828 in
1121 1791 1264 1837 finibus

82 1855 230 1893 hostem
259 1856 469 1903 habereut,
487 1857 679 1906 attingere
707 1869 815 1893 arma
843 1856 946 1905 passi
969 1869 1113 1902 sumus,
1147 1867 1261 1901 nunc,

83 1921 158 1957 uisi
193 1920 327 1957 Latini
358 1933 429 1957 sua
461 1926 599 1969 sponte
635 1934 744 1957 arma
781 1921 1047 1970 sumpsissent,
1082 1920 1187 1969 capti
1223 1925 1262 1957 et

81 1983 198 2021 deleti
217 1996 376 2020 enimus.
434 1984 522 2021 Hoc
542 1989 612 2030 est,
633 1984 794 2029 tribuni,
815 1985 1007 2021 auxilium
1026 1983 1130 2032 plebi
1148 1982 1259 2029 ferre,
1275 1996 1293 2022 ς

80 2047 264 2084 inermem
288 2061 371 2085 eam
391 2047 495 2084 hosti
525 2047 795 2085 trucidandam
815 2048 1000 2085 obiicere?
1055 2046 1211 2084 Scilicet
1228 2046 1262 2083 si

80 2111 167 2160 quis
194 2111 304 2147 vobis
336 2111 577 2148 humillimus
605 2111 721 2148 homo
748 2112 796 2149 de
828 2116 959 2148 vestra
990 2111 1113 2160 plebe,
1143 2123 1258 2160 quam

79 2178 228 2225 partem
272 2175 382 2212 velut
423 2176 629 2225 abruptam
671 2189 695 2212 a.
737 2180 864 2214 cetero
906 2176 1049 2225 populo
1092 2180 1260 2212 vestram

80 2239 244 2289 patriam
272 2240 579 2293 fficuliaremque
604 2253 685 2278 rem
711 2241 905 2295 publicam
935 2239 1093 2287 fecistis,
1114 2239 1146 2276 si
1174 2239 1259 2289 quis
