1438 2466
73 144 178 170 Ami.
202 131 293 185 449]
518 133 687 170 LIBER
724 134 807 170 III.
1178 134 1250 170 135

73 229 259 267 rettulere
289 242 435 279 corpus.
494 229 736 279 Invidiaeque
766 230 878 279 plena
908 235 1032 267 castra
1062 236 1184 277 emnt,
1210 236 1251 268 et
1271 243 1284 265 7

72 293 236 330 Romam
257 294 351 330 ferri
376 293 552 343 protinus
579 293 744 330 Siccium
771 294 960 343 placebat,
980 294 1021 330 ni
1041 294 1249 331 decemviri

70 357 186 394 funus
210 357 377 393 militare
402 356 439 394 ei
464 356 621 406 publica
640 357 813 406 impensa
832 357 955 394 facere
975 362 1244 396 maturassent.

69 420 252 470 Sepultus
279 420 429 470 ingenti
456 420 626 457 militum
655 421 846 467 maestitia,
869 421 1033 470 pessima
1058 421 1245 458 decemvi-

69 497 199 520 rorum
219 485 259 521 in
283 485 418 534 vulgus
438 483 540 521 sama
559 489 625 521 est.

147 551 331 600 Sequitur
359 549 463 587 aliud
494 549 534 585 in
566 549 660 585 urbe
690 549 808 596 nefas,
830 550 879 586 ab
909 549 1070 586 libidine
1103 554 1242 597 ortum,
1263 550 1311 587 44

66 614 170 651 haud
186 614 314 650 minus
328 613 430 650 foedo
445 617 599 659 eventu,
617 625 732 662 quam
747 613 850 662 quod
865 626 934 662 per
982 638 1015 667 (2)
1032 638 1078 663 the
1099 638 1244 664 abduction

42 680 241 725 Astuprum
271 675 486 724 caedemque
517 674 706 711 Lucretiae
734 675 828 711 urbe
848 687 927 723 reg-
955 669 1125 699 ⁰¹v³¹gi¹²i²

64 752 190 789 noque
218 739 446 788 Tarquinios
475 738 687 787 expulerat,
709 743 754 775 ut
781 751 859 775 non
886 738 974 775 finis
999 739 1121 776 solum
1142 739 1242 776 idem

64 803 301 849 decemviris,
322 803 390 852 qui
409 803 574 852 regibus,
596 802 661 839 sed
681 815 794 839 causa
809 801 925 839 etiam
942 803 1073 839 eadem
1089 802 1241 852 imperii

63 867 269 904 amittendi
288 871 397 904 esset.
454 867 556 915 App.
580 866 787 904 Claudium
808 866 969 916 virginis
988 867 1144 915 plebeiae
1165 871 1242 904 stu·
1260 880 1276 898 2

63 931 217 981 prandae
249 931 370 968 libido
401 931 513 980 cepit.
571 930 689 967 Pater
722 930 895 979 virginis,
931 931 974 967 L.
1012 930 1238 980 Verginius,

62 995 264 1032 honestum
303 994 473 1031 ordinem
514 994 556 1030 in
593 994 738 1043 Algido
771 993 946 1039 ducebat,
982 994 1042 1030 vir
1074 994 1242 1044 exempli

62 1059 157 1096 recti
176 1059 277 1095 domi
300 1058 533 1107 militiaeque.
591 1058 759 1095 Perinde
785 1071 884 1094 uxor
908 1058 1093 1095 instituta
1112 1058 1242 1096 fuerat
1256 1071 1272 1095 3

62 1122 248 1172 libel-ique
267 1121 584 1158 instituebantur.
636 1121 905 1170 Desponderat
923 1121 1043 1157 filiam
1065 1121 1105 1158 L.
1130 1121 1241 1159 Icilio

61 1187 281 1232 tribunicio,
303 1187 386 1223 viro
405 1187 485 1223 acri
512 1191 552 1223 et
579 1199 649 1235 pro
676 1199 791 1223 causa
818 1186 942 1236 plebis
969 1191 1137 1235 expet-ta}
1166 1187 1240 1223 vir-

61 1253 169 1290 tutis.
226 1252 343 1289 Hanc
375 1251 562 1301 virginem
601 1251 787 1299 adultam,
827 1251 949 1288 forma
987 1251 1270 1289 excellentem⁴

62 1316 224 1366 Appius,
244 1328 374 1352 amore
392 1328 536 1361 amenS,
558 1315 684 1364 pretio
709 1328 753 1352 ac
777 1328 844 1365 spe
869 1315 1046 1365 pellicere
1066 1315 1236 1362 adortus,

59 1385 261 1430 postquam
281 1379 411 1416 omnia
430 1379 575 1428 pudore
593 1384 711 1428 saepta
730 1379 1018 1426 animadvertit,
1039 1379 1088 1416 ad
1108 1380 1224 1417 crude

59 1444 134 1482 lem
153 1444 433 1494 superbamque
452 1444 530 1480 vim
550 1444 723 1480 animum
744 1444 946 1482 convertit.
996 1444 1050 1481 M.
1075 1444 1236 1482 Claudio
1254 1457 1269 1481 5

58 1509 191 1547 clienti
227 1509 425 1558 negotium
464 1509 582 1554 dedit,
617 1514 663 1546 ut
699 1509 888 1558 virginem
928 1509 967 1546 iu
1006 1510 1233 1547 servitutem

58 1578 242 1612 asseremt
270 1587 394 1623 nequo
427 1574 575 1610 cederet
611 1575 817 1611 secundum
852 1574 1070 1611 libertatem
1104 1580 1232 1624 postu-

59 1639 229 1676 lantibus
259 1638 457 1685 viudicias,
485 1638 587 1688 quod
617 1643 728 1687 pater
757 1638 895 1687 puellae
925 1639 1085 1686 abesset,
1111 1639 1233 1676 locum

58 1704 208 1741 iniuriae
244 1716 325 1740 esse
358 1709 475 1741 ratus,
533 1703 693 1752 Virgini
726 1703 899 1739 venienti
931 1702 972 1739 in
1004 1703 1130 1739 forum
1165 1703 1270 1753 (ibi6

57 1781 223 1818 namque
256 1769 297 1804 in
329 1768 501 1805 tabernis
534 1768 750 1805 litterarum
782 1767 864 1804 ludi
898 1767 1025 1817 erant)
1060 1768 1236 1805 minister

57 1833 264 1871 decemviri
295 1832 469 1870 libidinis
501 1845 657 1870 inanum
687 1833 833 1878 iniecit,
865 1846 975 1869 serva
1005 1846 1074 1870 sua
1103 1838 1235 1870 natam

57 1908 282 1945 servamque
301 1896 508 1945 appellans,
529 1896 714 1946 sequique
733 1909 774 1933 se
793 1896 968 1933 iubebat:
988 1901 1234 1933 cunctantem

58 1961 96 1997 vi
116 1961 408 1997 abstracturum.
441 1960 588 1997 Pavida
607 1960 736 2010 puella
753 1965 945 2010 stupente,
962 1960 1010 1997 ad
1030 1961 1233 1997 clamorem
1249 1973 1265 1999 1

57 2025 221 2062 nutricis
253 2025 364 2061 fidem
404 2024 615 2069 Quiritium
654 2024 898 2074 implorantis
934 2025 980 2060 fit
1016 2036 1231 2062 concursus.

59 2087 236 2137 Verginii
257 2087 379 2137 patris
398 2088 603 2137 sponsique
632 2088 733 2125 Icilii
763 2087 946 2137 populare
974 2100 1114 2124 nomen
1142 2087 1233 2124 cele-

58 2153 204 2190 bmtur.
263 2152 388 2190 Notos
419 2153 545 2202 gratia
574 2166 718 2199 eorum,
751 2154 905 2190 turbam
927 2153 1149 2202 ‚indignitas
1178 2153 1233 2190 rei

58 2217 199 2267 virgini
220 2217 407 2254 conciliat.
466 2218 552 2255 Iam
579 2231 602 2255 a
631 2218 671 2254 vi
699 2222 786 2254 tuta
813 2222 906 2263 erat,
928 2230 1046 2267 quum
1067 2224 1235 2254 assertor
1252 2230 1267 2254 s
