1438 2466
101 129 149 164 60
618 124 767 161 LIVII
915 122 1045 175 [A.U.c.
1071 133 1274 171 274—275

100 225 142 261 in
170 228 304 271 castra,
335 223 382 259 ad
411 235 543 260 omnes
571 226 702 271 portas
731 222 855 259 milite
888 222 1074 271 opposito,
1103 222 1279 259 hostibus

102 289 206 325 viam
234 288 432 325 clauserat.
490 287 549 324 Ea
577 287 792 336 desperatio
819 287 953 323 Tuscis
982 286 1125 322 rabiem
1159 287 1281 336 magis

103 367 218 403 quam
251 353 451 390 audaciam
488 352 673 389 accendit.
731 352 835 388 Nam
872 365 990 401 quum
1030 353 1279 399 incursantes,

103 431 331 469 quacunque
363 417 512 454 exitum
551 418 771 454 ostenderet
807 429 902 465 spes,
938 428 1038 453 vano
1077 416 1283 466 aliquoties

103 483 253 532 impetu
280 483 411 530 issent,
432 483 570 531 globus
598 483 782 519 iuvenum
810 495 911 519 unus
938 482 979 517 in
1008 481 1134 530 ipsum
1154 494 1283 518 consu-

72 563 86 586 7
105 548 180 584 lem
199 547 390 596 insignem
410 547 527 584 armis
545 547 707 584 invadit.
766 547 898 583 Prima
917 550 1076 595 excepta
1095 559 1117 581 a
1129 545 1284 582 circum-

105 614 299 651 stantibus
328 613 429 662 tela3
469 613 652 650 sustineri
691 612 830 649 deinde
866 612 926 648 vis
956 610 1114 659 nequit,
1153 610 1285 646 consul

106 678 304 715 mortifero
342 678 504 714 vulnere
540 677 641 714 ictus
679 677 792 724 cadit,
827 676 979 724 fusique
1009 675 1109 712 cirea
1141 687 1282 712 omnes.

75 751 89 775 8
106 743 239 779 Tuscis
272 743 408 779 crescit
451 742 633 788 audacia3
680 742 876 777 Romanos
921 744 1046 776 terror
1091 752 1159 788 per
1204 742 1288 775 tota

108 814 234 844 castra
261 807 432 856 trepidos
459 806 550 855 agit,
581 810 620 842 et
648 805 695 841 ad
724 809 897 841 extrema
925 808 1085 840 ventum
1114 803 1225 848 foret,
1245 803 1288 839 ni

108 872 237 921 legati,
259 875 371 920 rapto
391 869 558 907 consulis
586 881 753 918 corpore,
775 868 1046 917 patefecissent
1074 880 1151 904 una
1177 871 1289 916 porta

75 955 91 979 9
109 936 284 972 hostibus
305 935 417 971 viam.
468 934 526 970 Ea
545 937 777 982 erumpunt;
806 936 1125 981 consternatoque
1137 932 1288 982 agmine

109 1001 298 1037 abeuntes
317 999 359 1035 in
379 998 565 1035 victorem
585 998 753 1034 alterum
778 997 959 1033 incidunt
987 996 1181 1033 consulem
1196 1011 1206 1044 3
1235 996 1290 1033 ibi

109 1066 251 1101 iterum
272 1063 357 1100 caesi
376 1063 529 1113 fusique
549 1063 699 1111 passim.

191 1128 370 1164 Victoria
397 1126 549 1176 egregia
577 1130 698 1175 parta,
723 1126 848 1163 tristis
876 1131 1006 1162 tamen
1034 1126 1183 1163 duobus
1211 1131 1290 1162 tam

64 1213 94 1229 ω
111 1192 224 1229 claris
261 1190 472 1227 funeribus.
531 1189 671 1238 Itaque
708 1190 854 1234 consul,
892 1190 1119 1226 decernente
1156 1193 1291 1226 senatu

112 1257 365 1306 triumphum,
397 1257 429 1292 si
458 1255 652 1292 exercitus
680 1256 763 1292 sine
791 1255 1022 1304 imperatore
1052 1255 1292 1304 triumphare

112 1323 242 1373 possit,
265 1336 333 1372 pro
359 1322 504 1358 eximia
527 1334 571 1357 eo
596 1321 698 1358 bello
723 1333 839 1370 opera
864 1321 974 1357 facile
998 1333 1198 1370 passurum
1218 1334 1293 1358 res-

112 1388 249 1439 pondit
265 1401 275 1434 3
304 1400 354 1433 se,
376 1387 524 1422 familia
546 1386 701 1422 funesta
729 1386 772 1430 Q.
800 1385 912 1422 Fabii
932 1385 1064 1422 fratris
1083 1390 1216 1433 morte,
1239 1399 1293 1422 re-

114 1452 268 1502 publica
296 1465 344 1488 ex
373 1454 482 1499 parte
511 1450 612 1497 orba,
635 1449 790 1486 consule
818 1449 940 1485 altero
968 1449 1119 1493 amisso,
1139 1448 1293 1497 publico

113 1517 341 1567 privatoque
370 1514 581 1551 deformem
609 1514 717 1550 luctu
747 1513 917 1550 lauream
937 1526 1015 1549 non
1035 1517 1291 1561 accepturum.

67 1597 91 1613 τι
115 1581 230 1619 Omni
252 1585 338 1617 acto
358 1579 556 1627 triumpho
576 1577 772 1627 depositus
792 1577 1015 1626 triumphus
1035 1576 1172 1613 clarior
1194 1576 1270 1612 fuit
1285 1590 1295 1622 ;

114 1647 208 1683 adeo
241 1649 370 1694 spreta
403 1644 444 1679 in
477 1648 649 1692 tempore
681 1643 805 1691 gloria
838 1642 1034 1678 interdum
1063 1640 1295 1678 cumulatior

114 1713 225 1750 redit.
285 1711 440 1747 Funera
459 1709 597 1745 deinde
618 1709 693 1745 duo
713 1708 892 1756 deinceps
917 1706 1068 1755 collegae
1088 1706 1295 1755 fratrisque

117 1777 235 1822 ducit,
267 1775 368 1811 idem
406 1774 448 1810 in
485 1777 650 1821 utroque
683 1772 872 1817 laudator,
906 1784 1025 1820 quum
1055 1771 1296 1808 concedendo

115 1841 194 1878 illis
221 1852 310 1876 suas
338 1838 470 1875 laudes
497 1838 577 1887 ipse
606 1837 813 1873 maximam
843 1841 992 1885 partem
1013 1848 1143 1872 earum
1164 1835 1293 1872 ferret.

70 1923 98 1940 ια
117 1907 256 1955 Neque
276 1904 478 1940 immemor
504 1903 596 1948 eius,
618 1902 720 1951 quod
750 1901 863 1938 initio
891 1900 1113 1937 consulatus
1140 1899 1297 1935 imbibe-

117 1974 190 2015 rat,
211 1967 484 2006 reconciliandi
503 1967 652 2003 animos
672 1965 806 2015 plebis,
827 1964 975 2000 saucios
995 1963 1138 2000 milites
1161 1976 1295 2000 curau-

117 2037 186 2073 dos
214 2034 356 2071 dividit
385 2033 571 2082 patribus.
631 2031 761 2067 Fabiis
790 2029 947 2079 plurimi
976 2028 1068 2072 dati,
1099 2040 1169 2064 1166
1206 2027 1298 2063 alibi

118 2102 260 2138 maiore
289 2111 381 2135 cura
413 2097 548 2134 habiti.
607 2096 705 2132 Inde
735 2094 939 2144 populures
969 2093 1045 2129 iam
1077 2105 1156 2129 esse
1189 2092 1298 2128 Fabii

119 2180 187 2204 1166
207 2166 277 2202 1106
297 2165 377 2201 ulla
396 2155 471 2200 11131
491 2162 636 2199 salubri
656 2161 712 2198 rei
732 2161 892 2209 publicae
913 2164 1004 2195 arte.

49 2233 100 2271 48
200 2231 328 2279 Igitur
365 2243 443 2265 11011
481 2233 635 2277 patrum
675 2227 796 2275 magis
833 2238 947 2274 quam
994 2224 1114 2272 plebis
1160 2222 1300 2259 studiis
