1438 2466
111 119 160 156 58
628 118 776 155 LIVII
1059 117 1189 170 [A.U.c.
1215 131 1290 167 274

65 230 94 253 14
115 219 136 235 ‘⁴
153 215 317 252 Victor’'
349 215 492 264 inquit,
527 218 549 236 ‘⁴
562 215 617 252 M.
657 215 765 261 Fabi,
798 221 972 253 revertar
1009 228 1056 252 ex
1090 216 1195 252 acie’'
1209 229 1220 263 ς,
1258 216 1305 252 31

113 279 233 325 fallat,
260 279 395 316 Iovem
424 284 573 328 patrem
602 279 894 327 Gradivumque
922 279 1093 315 Martem
1121 280 1292 329 aliosque

112 344 233 380 iratos
259 343 417 380 invocat
444 343 547 380 deos.
604 343 714 379 Idem
743 342 922 392 deinceps
951 343 1077 379 01111113
1098 344 1292 381 exercitus

113 409 155 445 in
174 421 213 445 se
232 408 394 457 quisque
413 407 527 444 iurat.
586 407 734 443 Itu-atis
754 407 870 443 datur
897 408 1050 455 signum
1069 421 1076 444 :
1106 420 1214 444 arma
1237 420 1293 444 ca-

67 486 97 510 15
113 473 252 522 piunt;
281 477 376 509 eunt
394 473 435 508 in
454 484 624 521 pugnam
651 471 798 508 irarum
820 471 978 521 speique
1002 471 1117 520 pleni.
1176 471 1216 508 N
1218 484 1294 508 unc

113 539 251 575 iubent
272 538 454 574 Etruscos
474 536 613 585 probra
639 536 773 582 iacere,
794 549 897 572 nunc
925 536 1065 572 armati
1093 535 1167 572 sibi
1195 535 1296 585 quis-

69 608 99 633 16
114 616 189 652 que
208 603 341 651 lingua
353 605 576 651 promptum
589 601 738 637 hostem
751 601 891 638 offerri.
935 600 1121 637 Omnium
1138 600 1205 636 illo
1219 600 1293 646 die,

114 681 192 718 qua
216 667 350 717 plebis,
372 679 449 715 qua
478 670 646 715 patrum,
677 666 820 702 eximia
851 666 979 702 virtus
1007 665 1101 711 fuit5
1131 665 1295 701 Fabium

115 745 255 770 nomen
285 729 424 783 [Fabia
441 728 551 781 gens]
572 730 740 766 maxime
763 729 907 766 enituit
914 743 924 776 3
956 729 1090 766 multis
1114 729 1294 765 civilibus

116 795 395 833 certaminibus
423 793 595 831 infensos
622 794 745 843 plebis
778 794 927 830 animos
960 793 1028 830 illa
1058 806 1188 842 pugna
1218 792 1294 829 sibi

117 860 366 897 reconciliare
386 863 579 896 statuunt.

51 920 100 958 46
197 923 417 960 Instruitur
453 923 564 969 acies,
603 935 674 959 nec
710 922 857 959 Veiens
894 922 1015 959 hostis
1048 922 1298 972 Etruscaeque

118 988 286 1038 legiones
305 987 532 1024 detrectant.
592 986 719 1036 Prope
738 990 843 1023 certa
862 999 947 1035 spes
968 991 1063 1031 erat,
1084 999 1162 1022 non
1177 987 1298 1035 magis

118 1065 247 1090 secum
262 1056 510 1101 pugnaturos,
529 1063 645 1100 quam
661 1051 875 1100 pugnarint
889 1063 976 1086 cum
989 1050 1132 1099 AEquis
1141 1064 1150 1097 3
1173 1051 1299 1087 maius

119 1129 271 1167 quoque
290 1115 446 1165 aliquod
464 1115 507 1151 111
525 1119 606 1151 tam
627 1114 790 1151 irritatis
809 1113 949 1150 animis
969 1118 1007 1150 et
1022 1114 1217 1150 occasione
1235 1127 1299 1150 an-

90 1182 229 1231 2cipiti
266 1181 371 1218 haud
408 1180 690 1230 desperandum
729 1192 810 1216 esse
847 1178 1007 1215 facinus.
1067 1179 1146 1215 Res
1186 1179 1300 1216 aliter

120 1248 234 1296 longe
259 1247 418 1293 evenit;
449 1259 537 1282 nam
567 1258 645 1281 non
673 1245 749 1281 alio
777 1248 867 1281 ante
896 1244 996 1281 bello
1024 1244 1201 1281 infestior
1227 1244 1301 1281 Ro-

121 1326 259 1350 manus
293 1312 404 1363 (adeo
440 1312 529 1348 hinc
563 1311 807 1348 contumeliis
839 1310 977 1357 hostes,
1006 1310 1096 1347 hinc
1129 1310 1301 1353 consules

92 1395 106 1418 3
122 1390 228 1414 mora
249 1374 590 1424 exacerbaverant)
612 1374 791 1424 proelium
814 1374 913 1412 iniit.
972 1374 1054 1410 Vix
1082 1374 1302 1423 explicandi

122 1443 277 1480 ordines
305 1441 474 1491 spatium
503 1440 680 1477 Etruscis
708 1440 794 1485 fuit,
825 1452 956 1488 quum,
977 1439 1066 1488 pilis
1093 1439 1197 1475 inter
1224 1439 1300 1488 pri-

124 1520 227 1543 mam
247 1505 548 1555 trepidationem
569 1503 728 1540 abiectis
748 1508 892 1540 temere
911 1502 1034 1551 magis
1053 1515 1168 1551 quam
1195 1503 1302 1538 cmis-

125 1572 189 1617 sis,
209 1583 339 1620 pugna
358 1570 435 1606 iam
455 1569 496 1605 in
515 1581 663 1613 manus,
684 1567 762 1604 iam
782 1567 830 1603 ad
849 1566 1005 1616 gladios,
1026 1567 1094 1602 ubi
1114 1566 1223 1603 Mars
1245 1572 1304 1604 est

95 1651 109 1674 4
125 1635 396 1681 atrocissimus,
418 1637 590 1670 venerat.
646 1632 758 1668 Inter
783 1631 968 1680 primores
990 1643 1111 1680 genus
1140 1631 1303 1668 Fabium

125 1699 271 1748 insigni
302 1697 519 1747 spectaculo
547 1695 799 1745 exemploque
828 1695 976 1731 civibus
1004 1699 1096 1731 erat.
1156 1695 1216 1732 Ex
1245 1695 1304 1732 his

128 1764 171 1809 Q.
196 1764 361 1801 Fabium
382 1762 514 1811 (tertio
535 1762 596 1798 hic
615 1774 717 1797 anno
736 1765 827 1797 ante
847 1760 978 1796 consul
1000 1759 1145 1810 fuerat)
1166 1761 1305 1809 priuci-

128 1840 215 1877 pem
248 1827 289 1863 in
320 1826 511 1862 confertos
545 1824 732 1860 Veientes
764 1826 921 1859 euntem
952 1822 1059 1858 ferox
1090 1822 1238 1860 viribus
1267 1828 1306 1859 et

128 1905 320 1929 armorum
341 1895 425 1928 arte
449 1890 605 1934 Tuscus,
626 1889 826 1925 incautum
855 1888 958 1924 inter
986 1887 1128 1923 multas
1156 1900 1306 1924 versan-

129 1964 208 1995 tem
228 1957 397 1993 hostium
417 1967 564 1999 manuS‚
585 1953 713 2002 gladio
733 1966 801 2001 per
826 1957 958 2001 pectus
985 1952 1201 2000 transfigit;
1229 1952 1306 1988 telo

100 2026 313 2068 sexti-acto,
349 2032 516 2069 praeceps
556 2018 699 2054 Fabius
736 2018 777 2053 in
815 2017 957 2052 vulnus
1000 2016 1106 2052 abiit.
1177 2016 1308 2053 Sensit

131 2092 294 2135 utraque
320 2085 418 2121 acies
447 2084 563 2119 unius
591 2082 667 2118 viri
694 2094 836 2125 casum,
857 2081 1090 2129 cedebatque
1120 2080 1208 2116 inde
1232 2080 1307 2116 Ro-

131 2163 279 2195 manus,
312 2161 431 2197 quum
465 2147 520 2184 M.
564 2147 705 2182 Fabius
742 2145 874 2182 consul
913 2144 1111 2180 transiluit
1148 2144 1308 2180 iacentis

132 2227 268 2263 corpus
309 2214 534 2260 obiectaque
580 2224 724 2260 parma,
767 2214 787 2230 ‘·
804 2210 891 2245 Hoc
937 2208 1119 2245 iurastis”
1167 2208 1306 2256 inquit,
