1438 2466
79 157 182 184 »cu
206 143 299 196 449]
522 143 693 181 LIBER
728 144 814 182 [Π.
1182 146 1254 182 155

78 246 153 279 tur.
212 241 307 278 Plus
343 244 474 277 tamen
510 238 613 275 facta
644 238 787 275 iniuria
816 239 942 288 Oppio
973 239 1260 300 sshfflmigopeffyicidg
1275 256 1292 281 g

79 319 194 355 quam
209 318 287 343 uon
299 304 492 354 prohibita
504 303 658 340 invidiae
670 303 771 341 fecit.
816 303 942 340 Testis
972 300 1259 361 ssnffsssspiuglssuffiffi

79 370 299 420 productus,
331 370 408 420 qui,
440 374 587 418 septem
615 374 655 405 et
682 369 823 418 viginti
850 382 941 406 enu-
971 361 1257 421 gffi‘ffsthss)ssffil

78 434 236 470 meratis
255 433 466 483 stipendiis,
487 432 606 469 octies
628 437 739 469 extra
767 432 941 469 ordinem
972 422 1074 446 ''5⁸¹¹‘'d·

78 497 244 534 donatus
268 497 443 546 donaque
465 509 510 533 ea
534 509 669 545 gerens
694 497 736 532 in
754 502 958 545 conspectu
978 495 1121 544 populi,
1142 495 1259 532 scissa

79 570 197 607 veste,
232 567 382 611 tergum
411 561 618 598 laceratum
647 561 765 609 virgis
791 560 970 607 ostendit,
1002 560 1169 596 nihilum
1196 560 1259 596 de-

78 638 249 675 precanS,
269 625 376 674 quin,
391 625 425 661 si
444 637 559 674 quam
579 637 687 661 suam
706 637 847 660 noxam
869 636 955 660 reus
975 623 1100 660 dicere
1118 627 1256 672 posset,

79 690 254 739 privatus
272 689 414 726 iterum
433 689 474 725 in
493 702 532 725 se
551 690 713 727 saeviret.
773 688 923 738 Oppius
947 702 1099 738 quoque
1121 689 1260 724 ductus
1277 706 1294 730 9

79 755 122 790 in
140 753 295 790 vincula
312 759 381 798 est,
395 758 435 789 et
453 758 543 789 ante
562 753 696 790 iudicii
714 753 815 790 diem
835 754 950 789 finem
970 753 1023 788 ibi
1045 753 1135 789 vitae
1153 752 1256 788 fecit.

81 817 188 853 Bona
216 816 368 853 Claudii
397 816 588 865 Oppiique
617 817 767 853 tribuni
785 817 1039 866 publicavere.
1097 817 1259 866 Collegae

79 894 211 919 eorum
239 882 366 919 exsilii
394 894 507 918 causa
533 880 657 917 solum
686 886 910 927 verterunt;
938 881 1039 917 bona
1067 881 1262 930 publicata

79 951 180 984 sunt.
239 946 292 983 Et
322 946 376 984 M.
410 945 604 991 Claudius,
636 950 804 982 assertor
822 945 1029 994 Verginiae,
1063 945 1126 982 die
1157 946 1262 982 dicta
1283 963 1312 978 ιο

80 1011 294 1056 damnatus,
319 1010 403 1059 ipso
431 1010 654 1045 remittente
673 1009 863 1058 Verginio
891 1009 1069 1045 ultimam
1097 1022 1258 1058 poenam,

80 1075 260 1112 dimissus
287 1075 409 1111 Tibur
435 1073 654 1110 exsulatum
683 1074 793 1118 abiit,
823 1086 1030 1122 manesque
1051 1073 1257 1122 Verginiae,
1284 1091 1309 1108 ιι

80 1143 241 1175 mortuae
268 1151 384 1188 quam
404 1138 501 1174 vivae
527 1138 720 1184 felicioris,
742 1151 810 1187 per
829 1143 890 1174 tot
907 1138 1040 1175 domos
1060 1138 1109 1174 ad
1128 1143 1259 1187 peten-

80 1203 148 1239 das
175 1215 306 1252 poenas
325 1202 465 1251 vagati,
486 1201 595 1238 nullo
624 1202 757 1238 relicto
784 1207 905 1248 sonte,
926 1202 1082 1238 tandem
1111 1203 1263 1251 quieve-

81 1271 184 1303 runt.

161 1331 305 1380 Ingens
342 1335 468 1367 metus
513 1331 721 1367 incesserat
764 1336 902 1380 patres,
942 1331 1150 1381 vultusque
1186 1332 1262 1368 iam
1284 1334 1331 1370 59

81 1394 198 1431 iidem
226 1395 472 1430 tribunorum
505 1401 627 1439 erant,
662 1395 728 1444 qui
756 1395 942 1431 decemvi-
988 1407 1261 1443 ‚rui-therprosoeu-

81 1470 210 1494 rorum
231 1458 397 1502 fuerant,
414 1470 533 1506 quum
554 1458 607 1494 Μ.
632 1458 804 1495 Duillius
824 1460 944 1496 tribu·
975 1438 1264 1504 iliensvv'iigwiiisssriclss'-

82 1533 156 1557 nus
193 1521 326 1570 plebis,
368 1521 536 1558 inhibito
581 1522 788 1559 salubriter
832 1524 946 1560 niodo
977 1499 1137 1553 tlffilsigst-he
1156 1499 1263 1522 mnune

83 1586 211 1622 nimiae
243 1588 436 1635 potestati,
473 1586 564 1623 “Et
597 1587 788 1624 libertatis
801 1588 818 1604 '’
854 1589 981 1637 iuquit
1015 1591 1190 1625 “nostrae
1227 1594 1298 1627 et2

83 1662 283 1699 lunum-um
308 1663 357 1685 ex
383 1651 549 1687 inimicis
577 1651 671 1687 satis
699 1656 757 1687 est
770 1664 780 1697 3
809 1652 940 1701 itaque
968 1651 1040 1689 hoc
1067 1665 1169 1689 anno
1196 1665 1266 1688 nec

83 1714 184 1750 diem
213 1713 289 1750 dici
317 1714 494 1762 cuiquam
524 1727 593 1751 nec
616 1715 655 1751 in
677 1715 804 1751 vincla
822 1715 908 1751 duci
929 1729 1160 1765 quemquam
1180 1730 1265 1753 sum

84 1789 275 1826 passurus.
351 1777 455 1813 Nam
501 1790 625 1826 neque
662 1783 794 1814 vetera
840 1784 994 1827 peccata
1030 1780 1153 1829 repeti
1189 1781 1299 1823 ian13

83 1841 307 1878 oblitterata
333 1841 470 1890 placet,
490 1854 609 1890 quum
636 1855 737 1878 nova
762 1844 920 1891 expiata
939 1844 1019 1880 sint
1037 1845 1266 1881 decemviro-

84 1918 170 1942 rum
196 1905 404 1954 suppliciis,
426 1911 466 1942 et
489 1906 586 1942 nihil
613 1906 822 1943 admissum
843 1908 902 1953 iri,
923 1908 1025 1956 quod
1045 1909 1123 1944 w‘m
1144 1909 1264 1945 tribu·

84 1969 223 2006 niciam
243 1969 442 2015 desideret,
463 1971 625 2019 spondet
642 1977 828 2020 perpetua
846 1973 1046 2009 consulum
1065 1973 1265 2009 amborum

84 2033 126 2070 in
154 2034 333 2070 libertate
353 2039 482 2071 vestra
509 2035 654 2072 tuenda
682 2037 806 2072 cura.”
862 2036 919 2072 Ea
948 2038 1113 2085 primum
1142 2038 1267 2074 mode-
1284 2059 1298 2081 ⁴

84 2098 184 2135 ratio
202 2098 352 2135 tribuni
371 2103 515 2135 metum
537 2100 712 2148 patribus
730 2100 907 2149 dempsit,
928 2100 1136 2150 eademque
1155 2101 1267 2138 auxit

86 2163 285 2200 consulum
311 2162 511 2208 invidiam,
532 2164 634 2213 quod
659 2164 754 2201 adeo
779 2165 854 2201 toti
878 2165 1000 2213 plebis
1025 2165 1199 2212 fuissent,
1220 2171 1267 2202 ut

84 2232 238 2276 patrum
268 2226 403 2263 salutis
427 2226 695 2277 libertatisque
717 2229 823 2278 prior
847 2229 995 2278 plebeio
1020 2230 1266 2278 magistratui
