1438 2466
121 141 170 177 24
640 142 700 178 Ll
712 142 791 179 VII
940 140 1071 193 [A.U.c.
1098 143 1304 190 255—258

119 239 296 288 proelium
325 241 400 277 ciet
426 245 476 287 et,
498 241 591 290 quia
618 252 707 277 suos
734 240 927 289 perculsos
956 239 1124 285 videbat,
1148 239 1306 276 arcessit

120 304 314 341 cohortem
333 305 513 342 exsulum
535 306 814 351 Romanorum,
837 306 899 342 cui
916 306 957 342 L.
979 304 1184 354 Tarquinii
1201 305 1305 341 filius

122 375 291 420 praeerat.
352 371 409 406 Ea
435 383 510 419 quo
529 370 673 407 maiore
692 371 890 419 pugnabat
908 370 968 406 ira
987 371 1035 406 ob
1054 372 1187 418 erepta
1204 369 1305 406 bona

120 434 361 483 patriamque
398 434 630 482 ademptam,
665 446 836 482 pugnam
874 446 1082 483 parumper
1118 432 1302 469 restituit.

52 504 102 541 20
121 497 396 534 Referentibus
441 497 518 533 iam
564 497 700 546 pedem
746 498 794 533 ab
841 510 886 534 ea
939 502 1048 546 parte
1105 497 1302 542 Romanis,

121 561 177 598 M.
214 561 396 597 Valerius
435 561 644 598 Publicolae
682 561 816 607 frater,
855 562 1096 611 conspicatus
1141 562 1303 598 ferocem

121 625 301 662 iuvenem
322 625 576 675 Tarquinium
597 630 857 662 ostentantem
880 638 918 662 se
933 626 974 662 in
990 626 1115 675 prima
1127 626 1305 663 exsulum

88 715 102 732 2
120 690 211 736 acie,
233 689 443 726 domestica
460 689 579 726 etiam
598 689 721 739 gloria
739 702 931 736 accensus,
952 695 1008 736 ut,
1026 690 1135 727 cuius
1150 691 1306 727 familiae

120 754 235 791 decus
272 754 385 790 eiecti
420 767 528 803 reges
565 759 688 799 erant,
722 754 893 791 eiusdem
929 754 1127 792 interfecti
1164 755 1304 802 forent,

121 819 254 857 subdit
273 819 436 856 calcaria
455 832 552 869 equo
572 825 612 856 et
631 819 884 869 Tarquinium
904 820 1047 857 infesto
1067 821 1214 870 spiculo
1242 834 1305 870 pc-

93 901 108 923 3
121 884 182 921 tit.
239 884 473 933 Tarquinius
493 889 596 921 retro
619 884 661 920 in
682 897 821 933 agmen
840 898 996 921 suorum
1016 886 1167 923 infenso
1193 886 1307 923 cessit

121 949 225 986 hosti
238 963 248 997 5
277 949 480 986 Valerium
507 954 651 985 temere
679 950 877 986 invectum
904 952 945 986 in
973 951 1151 987 exsulum
1185 952 1305 988 aciem

122 1027 170 1050 ex
189 1018 409 1050 transverso
428 1013 584 1062 quidam
605 1013 764 1050 adortus
783 1014 988 1063 transfigit,
1010 1028 1079 1051 nec
1099 1015 1305 1064 quicquam

121 1078 264 1128 equitis
283 1078 444 1114 vulnere
463 1090 562 1127 equo
580 1078 788 1124 retardato,
809 1078 1065 1116 moribundus
1091 1079 1302 1125 Romanus

121 1142 342 1178 labentibus
378 1154 493 1190 super
526 1154 662 1190 corpus
699 1141 826 1187 armis,
861 1142 909 1178 ad
946 1146 1090 1179 terram
1127 1143 1301 1185 defluxit.

89 1222 104 1245 4
123 1207 303 1244 Dictator
331 1206 556 1243 Postumius
584 1211 789 1256 postquam
817 1206 996 1243 cecidisse
1027 1207 1142 1244 talem
1164 1208 1303 1253 virum,

122 1271 274 1307 exsules
293 1269 474 1306 ferociter
502 1270 621 1306 citato
648 1269 802 1318 agmine
830 1270 975 1315 invehi,
997 1283 1085 1306 suos
1112 1272 1306 1320 perculsos

91 1354 104 1377 5
121 1335 254 1371 cedere
291 1335 580 1381 animadvertit,
625 1333 774 1370 cohorti
819 1347 908 1379 suae,
957 1347 1072 1383 quam
1119 1335 1305 1372 delectam

122 1412 281 1435 manum
307 1398 478 1448 praesidii
507 1411 623 1435 causa
651 1398 751 1434 circa
777 1411 818 1435 se
845 1398 1024 1445 habebat,
1045 1399 1113 1435 dat
1140 1400 1305 1448 siguum,

122 1467 178 1509 ut,
201 1476 314 1512 quem
334 1476 492 1499 suorum
516 1462 728 1511 fugientem
759 1463 939 1508 viderint,
961 1476 1029 1512 pro
1055 1464 1164 1500 hoste
1191 1464 1304 1501 habe-

122 1531 200 1564 ant.
246 1527 312 1563 Ita
323 1531 431 1563 metu
450 1526 613 1576 ancipiti
632 1527 734 1562 versi
753 1539 777 1562 a
795 1527 886 1576 fuga
906 1527 1075 1563 Romani
1094 1528 1135 1563 in
1156 1528 1306 1564 hostem

89 1606 104 1629 6
122 1597 162 1628 ct
199 1592 381 1628 restituta
417 1591 525 1628 acies,
586 1591 731 1628 Cohors
769 1591 969 1627 dictatoris
1010 1596 1094 1628 tum
1137 1593 1304 1641 primum

122 1655 301 1704 proelium
335 1655 451 1700 iniit;
494 1655 656 1703 integris
686 1656 910 1703 corporibus
939 1655 1155 1705 animisque
1188 1656 1307 1693 foss-os

89 1738 103 1761 7
122 1721 248 1757 adorti
267 1721 419 1757 exsules
439 1721 602 1759 caedunt.
663 1721 725 1757 Ibi
745 1722 822 1757 alia
847 1722 950 1757 inter
975 1734 1149 1770 proceres
1179 1727 1309 1758 coorta

122 1799 260 1836 pugna.
319 1786 538 1835 Imperator
566 1786 742 1831 Latinus,
765 1786 831 1822 ubi
857 1786 1051 1822 cohortem
1081 1786 1258 1823 exsulum
1285 1800 1310 1823 a

122 1853 311 1889 dictatore
362 1852 535 1888 Romano
582 1865 698 1900 prope
743 1852 1045 1888 circumventam
1098 1852 1208 1897 vidit,
1256 1866 1304 1889 cx

122 1917 362 1954 subsidiariis
382 1917 600 1966 manipulos
619 1917 768 1966 aliquot
787 1918 826 1953 in
845 1916 1010 1965 primam
1030 1917 1150 1953 aciem
1179 1931 1305 1955 secum

88 1995 102 2019 8
122 1983 236 2032 rapit.
295 1983 381 2019 Hos
410 1984 563 2032 agmine
597 1983 796 2019 venientes
825 1983 865 2019 T.
900 1983 1131 2019 Herminius
1159 1984 1309 2032 legatus

123 2048 375 2097 conspicatus,
397 2048 576 2097 interque
596 2060 659 2084 eos
677 2048 867 2096 insignem
890 2055 995 2084 veste
1015 2049 1209 2098 armisque
1226 2049 1309 2086 Ma-

124 2114 274 2150 milium
306 2114 511 2159 noscitans,
542 2118 654 2150 tanto
685 2114 724 2150 vi
758 2114 901 2150 maiore
930 2127 1043 2163 quam
1071 2115 1187 2164 paulo
1216 2123 1307 2154 anto

86 2199 102 2223 9
123 2179 305 2228 magister
324 2180 497 2228 equitum
523 2192 607 2215 cum
636 2179 805 2215 hostium
826 2179 920 2215 <luco
943 2179 1118 2227 proelium
1139 2180 1240 2225 iniit,
1265 2187 1308 2218 ut

122 2247 162 2279 et
181 2257 260 2280 uno
283 2245 358 2279 ictu
383 2245 609 2280 transfixum
633 2257 700 2291 per
720 2243 821 2279 latus
834 2243 1014 2280 (ιω-1110111
1033 2244 1251 2281 Mamilium
1269 2252 1309 2282 vt
