<?xml version="1.0" encoding="UTF-8"?>
<!DOCTYPE html PUBLIC "-//W3C//DTD XHTML 1.0 Transitional//EN"
    "http://www.w3.org/TR/xhtml1/DTD/xhtml1-transitional.dtd">
<html xmlns="http://www.w3.org/1999/xhtml" xml:lang="en" lang="en">
 <head>
  <title>
</title>
<meta http-equiv="Content-Type" content="text/html;charset=utf-8" />
  <meta name='ocr-system' content='tesseract 3.04.00' />
  <meta name='ocr-capabilities' content='ocr_page ocr_carea ocr_par ocr_line ocrx_word'/>
</head>
<body>
  <div class='ocr_page' id='page_1' title='image "./booksiiiii00livyuoft_0159.png"; bbox 0 0 1438 2466; ppageno 0'>
   <div class='ocr_carea' id='block_1_1' title="bbox 59 152 1234 206">
    <p class='ocr_par' dir='ltr' id='par_1_1' title="bbox 59 152 1234 206">
     <span class='ocr_line' id='line_1_1' title="bbox 59 152 1234 206; baseline -0.005 -11"><span class='ocrx_word' id='word_1_1' title='bbox 59 167 165 195; x_wconf 54' lang='grc' dir='ltr'><strong>ΔΑΗ.</strong></span> <span class='ocrx_word' id='word_1_2' title='bbox 187 153 412 206; x_wconf 82' lang='lat'><strong>450—449]</strong></span> <span class='ocrx_word' id='word_1_3' title='bbox 503 153 675 191; x_wconf 80' lang='lat' dir='ltr'><em>LIBER</em></span> <span class='ocrx_word' id='word_1_4' title='bbox 711 153 796 190; x_wconf 85' lang='grc' dir='ltr'><em>ΙΙΙ.</em></span> <span class='ocrx_word' id='word_1_5' title='bbox 1163 152 1234 189; x_wconf 81' lang='grc'><strong>127</strong></span> 
     </span>
    </p>
   </div>
   <div class='ocr_carea' id='block_1_2' title="bbox 27 248 1310 1322">
    <p class='ocr_par' dir='ltr' id='par_1_2' title="bbox 27 248 1310 1255">
     <span class='ocr_line' id='line_1_2' title="bbox 60 248 1235 303; baseline -0.007 -12"><span class='ocrx_word' id='word_1_6' title='bbox 60 266 176 303; x_wconf 86' lang='lat' dir='ltr'><strong>quam</strong></span> <span class='ocrx_word' id='word_1_7' title='bbox 213 265 304 290; x_wconf 87' lang='lat' dir='ltr'><strong>mox</strong></span> <span class='ocrx_word' id='word_1_8' title='bbox 340 251 561 289; x_wconf 85' lang='lat' dir='ltr'><strong>consulibus</strong></span> <span class='ocrx_word' id='word_1_9' title='bbox 593 249 767 287; x_wconf 77' lang='lat' dir='ltr'><strong>creandis</strong></span> <span class='ocrx_word' id='word_1_10' title='bbox 799 249 954 285; x_wconf 90' lang='lat' dir='ltr'><strong>comitia</strong></span> <span class='ocrx_word' id='word_1_11' title='bbox 985 248 1235 285; x_wconf 87' lang='lat' dir='ltr'><strong>edicerentur.</strong></span> 
     </span>
     <span class='ocr_line' id='line_1_3' title="bbox 62 313 1236 367; baseline -0.007 -11"><span class='ocrx_word' id='word_1_12' title='bbox 62 319 109 355; x_wconf 86' lang='lat' dir='ltr'><strong>ld</strong></span> <span class='ocrx_word' id='word_1_13' title='bbox 142 319 256 355; x_wconf 91' lang='lat' dir='ltr'><strong>modo</strong></span> <span class='ocrx_word' id='word_1_14' title='bbox 283 318 411 367; x_wconf 55' lang='lat' dir='ltr'><strong>plebes</strong></span> <span class='ocrx_word' id='word_1_15' title='bbox 438 316 620 366; x_wconf 78' lang='lat' dir='ltr'>agitabat,</span> <span class='ocrx_word' id='word_1_16' title='bbox 649 327 816 364; x_wconf 89' lang='lat' dir='ltr'><strong>quonam</strong></span> <span class='ocrx_word' id='word_1_17' title='bbox 845 314 958 350; x_wconf 91' lang='lat' dir='ltr'><strong>modo</strong></span> <span class='ocrx_word' id='word_1_18' title='bbox 990 313 1236 349; x_wconf 79' lang='lat' dir='ltr'><strong>tribuniciam</strong></span> 
     </span>
     <span class='ocr_line' id='line_1_4' title="bbox 61 377 1237 430; baseline -0.006 -11"><span class='ocrx_word' id='word_1_19' title='bbox 61 386 304 430; x_wconf 72' lang='lat' dir='ltr'><strong>potestatem,</strong></span> <span class='ocrx_word' id='word_1_20' title='bbox 333 381 619 418; x_wconf 71' lang='lat' dir='ltr'><strong>munimentum</strong></span> <span class='ocrx_word' id='word_1_21' title='bbox 646 378 828 421; x_wconf 77' lang='lat' dir='ltr'>libertati,</span> <span class='ocrx_word' id='word_1_22' title='bbox 858 390 939 414; x_wconf 89' lang='lat' dir='ltr'><strong>rem</strong></span> <span class='ocrx_word' id='word_1_23' title='bbox 969 377 1237 419; x_wconf 76' lang='lat' dir='ltr'><strong>intermissam,</strong></span> 
     </span>
     <span class='ocr_line' id='line_1_5' title="bbox 61 439 1239 493; baseline -0.005 -12"><span class='ocrx_word' id='word_1_24' title='bbox 61 449 296 493; x_wconf 79' lang='lat' dir='ltr'><strong>repararent,</strong></span> <span class='ocrx_word' id='word_1_25' title='bbox 329 456 448 493; x_wconf 92' lang='lat' dir='ltr'><strong>quum</strong></span> <span class='ocrx_word' id='word_1_26' title='bbox 485 442 642 479; x_wconf 86' lang='lat' dir='ltr'><strong>interim</strong></span> <span class='ocrx_word' id='word_1_27' title='bbox 681 441 827 478; x_wconf 89' lang='lat' dir='ltr'><strong>mentio</strong></span> <span class='ocrx_word' id='word_1_28' title='bbox 857 440 1102 477; x_wconf 87' lang='lat' dir='ltr'><strong>comitiorum</strong></span> <span class='ocrx_word' id='word_1_29' title='bbox 1132 439 1239 475; x_wconf 88' lang='lat' dir='ltr'><strong>nulla</strong></span> 
     </span>
     <span class='ocr_line' id='line_1_6' title="bbox 62 503 1273 554; baseline -0.002 -9"><span class='ocrx_word' id='word_1_30' title='bbox 62 508 154 544; x_wconf 83' lang='lat' dir='ltr'><strong>fieri</strong></span> <span class='ocrx_word' id='word_1_31' title='bbox 212 508 266 544; x_wconf 85' lang='lat' dir='ltr'><strong>Et</strong></span> <span class='ocrx_word' id='word_1_32' title='bbox 295 506 513 551; x_wconf 86' lang='lat' dir='ltr'><strong>decemviri,</strong></span> <span class='ocrx_word' id='word_1_33' title='bbox 542 505 610 554; x_wconf 88' lang='lat' dir='ltr'><strong>qui</strong></span> <span class='ocrx_word' id='word_1_34' title='bbox 639 504 763 554; x_wconf 82' lang='lat' dir='ltr'><strong>primo</strong></span> <span class='ocrx_word' id='word_1_35' title='bbox 796 503 1026 540; x_wconf 87' lang='lat' dir='ltr'><strong>tribunicios</strong></span> <span class='ocrx_word' id='word_1_36' title='bbox 1052 503 1237 546; x_wconf 78' lang='lat' dir='ltr'><strong>homines,</strong></span> <span class='ocrx_word' id='word_1_37' title='bbox 1258 519 1273 542; x_wconf 84' lang='lat'><strong>6</strong></span> 
     </span>
     <span class='ocr_line' id='line_1_7' title="bbox 62 556 1240 620; baseline -0.006 -12"><span class='ocrx_word' id='word_1_38' title='bbox 62 571 154 620; x_wconf 84' lang='lat' dir='ltr'><strong>quia</strong></span> <span class='ocrx_word' id='word_1_39' title='bbox 180 571 221 607; x_wconf 93' lang='lat' dir='ltr'><strong>id</strong></span> <span class='ocrx_word' id='word_1_40' title='bbox 248 570 431 620; x_wconf 88' lang='lat' dir='ltr'><strong>populare</strong></span> <span class='ocrx_word' id='word_1_41' title='bbox 459 556 684 612; x_wconf 72' lang='lat' dir='ltr'><strong>habebatur,</strong></span> <span class='ocrx_word' id='word_1_42' title='bbox 712 567 855 604; x_wconf 86' lang='lat' dir='ltr'><strong>circum</strong></span> <span class='ocrx_word' id='word_1_43' title='bbox 883 579 922 603; x_wconf 90' lang='lat' dir='ltr'><strong>se</strong></span> <span class='ocrx_word' id='word_1_44' title='bbox 950 570 1240 602; x_wconf 83' lang='lat' dir='ltr'><strong>ostentaverant</strong></span> 
     </span>
     <span class='ocr_line' id='line_1_8' title="bbox 62 630 1273 683; baseline -0.004 -13"><span class='ocrx_word' id='word_1_45' title='bbox 62 633 176 682; x_wconf 90' lang='lat' dir='ltr'><strong>plebi,</strong></span> <span class='ocrx_word' id='word_1_46' title='bbox 209 633 380 683; x_wconf 86' lang='lat' dir='ltr'><strong>patriciis</strong></span> <span class='ocrx_word' id='word_1_47' title='bbox 417 632 624 669; x_wconf 88' lang='lat' dir='ltr'><strong>iuvenibus</strong></span> <span class='ocrx_word' id='word_1_48' title='bbox 661 635 868 679; x_wconf 84' lang='lat' dir='ltr'><strong>saepserant</strong></span> <span class='ocrx_word' id='word_1_49' title='bbox 903 630 1035 666; x_wconf 85' lang='lat' dir='ltr'><strong>latera.</strong></span> <span class='ocrx_word' id='word_1_50' title='bbox 1092 630 1238 666; x_wconf 86' lang='lat' dir='ltr'><strong>Eorum</strong></span> <span class='ocrx_word' id='word_1_51' title='bbox 1260 653 1273 675; x_wconf 84' lang='lat'>7</span> 
     </span>
     <span class='ocr_line' id='line_1_9' title="bbox 27 693 1236 743; baseline -0.005 -8"><span class='ocrx_word' id='word_1_52' title='bbox 27 735 31 739; x_wconf 85' lang='grc'><strong>,</strong></span> <span class='ocrx_word' id='word_1_53' title='bbox 63 703 224 734; x_wconf 74' lang='lat' dir='ltr'><strong>catervae</strong></span> <span class='ocrx_word' id='word_1_54' title='bbox 243 697 454 734; x_wconf 83' lang='lat' dir='ltr'><strong>tribunalia</strong></span> <span class='ocrx_word' id='word_1_55' title='bbox 472 695 710 733; x_wconf 84' lang='lat' dir='ltr'><strong>obsederant.</strong></span> <span class='ocrx_word' id='word_1_56' title='bbox 759 694 819 730; x_wconf 90' lang='lat' dir='ltr'><strong>Hi</strong></span> <span class='ocrx_word' id='word_1_57' title='bbox 836 693 938 730; x_wconf 81' lang='lat' dir='ltr'><strong>ferre</strong></span> <span class='ocrx_word' id='word_1_58' title='bbox 957 707 1068 743; x_wconf 83' lang='lat' dir='ltr'><strong>agere</strong></span> <span class='ocrx_word' id='word_1_59' title='bbox 1087 694 1236 742; x_wconf 80' lang='lat' dir='ltr'><strong>plebem</strong></span> 
     </span>
     <span class='ocr_line' id='line_1_10' title="bbox 63 757 1239 809; baseline -0.003 -12"><span class='ocrx_word' id='word_1_60' title='bbox 63 760 261 809; x_wconf 84' lang='lat' dir='ltr'><strong>plebisque</strong></span> <span class='ocrx_word' id='word_1_61' title='bbox 287 773 359 806; x_wconf 86' lang='lat' dir='ltr'><strong>res,</strong></span> <span class='ocrx_word' id='word_1_62' title='bbox 384 772 505 809; x_wconf 90' lang='lat' dir='ltr'><strong>quum</strong></span> <span class='ocrx_word' id='word_1_63' title='bbox 533 759 688 795; x_wconf 85' lang='lat' dir='ltr'><strong>fortuna</strong></span> <span class='ocrx_word' id='word_1_64' title='bbox 712 770 831 805; x_wconf 82' lang='lat' dir='ltr'><strong>aequa,</strong></span> <span class='ocrx_word' id='word_1_65' title='bbox 856 757 1039 806; x_wconf 87' lang='lat' dir='ltr'><strong>quicquid</strong></span> <span class='ocrx_word' id='word_1_66' title='bbox 1067 757 1239 806; x_wconf 88' lang='lat' dir='ltr'><strong>cupitum</strong></span> 
     </span>
     <span class='ocr_line' id='line_1_11' title="bbox 64 822 1275 874; baseline -0.002 -14"><span class='ocrx_word' id='word_1_67' title='bbox 64 825 175 870; x_wconf 87' lang='lat' dir='ltr'><strong>foret,</strong></span> <span class='ocrx_word' id='word_1_68' title='bbox 213 825 442 874; x_wconf 85' lang='lat' dir='ltr'><strong>potentioris</strong></span> <span class='ocrx_word' id='word_1_69' title='bbox 479 828 587 860; x_wconf 84' lang='lat' dir='ltr'><strong>esset.</strong></span> <span class='ocrx_word' id='word_1_70' title='bbox 645 823 699 859; x_wconf 91' lang='lat' dir='ltr'><strong>Et</strong></span> <span class='ocrx_word' id='word_1_71' title='bbox 740 823 818 858; x_wconf 86' lang='lat' dir='ltr'><strong>iam</strong></span> <span class='ocrx_word' id='word_1_72' title='bbox 858 835 906 858; x_wconf 91' lang='lat' dir='ltr'><strong>ne</strong></span> <span class='ocrx_word' id='word_1_73' title='bbox 943 827 1050 871; x_wconf 87' lang='lat' dir='ltr'><strong>tergo</strong></span> <span class='ocrx_word' id='word_1_74' title='bbox 1086 822 1240 870; x_wconf 89' lang='lat' dir='ltr'><strong>quidem</strong></span> <span class='ocrx_word' id='word_1_75' title='bbox 1262 848 1275 863; x_wconf 50' lang='lat'><strong>,³</strong></span> 
     </span>
     <span class='ocr_line' id='line_1_12' title="bbox 63 883 1242 934; baseline -0.002 -12"><span class='ocrx_word' id='word_1_76' title='bbox 63 885 353 932; x_wconf 78' lang='lat' dir='ltr'><strong>abstinebatur3</strong></span> <span class='ocrx_word' id='word_1_77' title='bbox 391 885 510 934; x_wconf 86' lang='lat' dir='ltr'><strong>virgis</strong></span> <span class='ocrx_word' id='word_1_78' title='bbox 537 884 638 929; x_wconf 83' lang='lat' dir='ltr'><strong>caedi,</strong></span> <span class='ocrx_word' id='word_1_79' title='bbox 669 884 735 919; x_wconf 88' lang='lat' dir='ltr'><strong>alii</strong></span> <span class='ocrx_word' id='word_1_80' title='bbox 763 883 887 919; x_wconf 89' lang='lat' dir='ltr'><strong>securi</strong></span> <span class='ocrx_word' id='word_1_81' title='bbox 913 883 1051 919; x_wconf 88' lang='lat' dir='ltr'><strong>subiici</strong></span> <span class='ocrx_word' id='word_1_82' title='bbox 1065 896 1076 929; x_wconf 77' lang='lat'>3</span> <span class='ocrx_word' id='word_1_83' title='bbox 1115 888 1163 930; x_wconf 91' lang='lat' dir='ltr'><strong>et,</strong></span> <span class='ocrx_word' id='word_1_84' title='bbox 1194 896 1242 920; x_wconf 91' lang='lat' dir='ltr'><strong>ne</strong></span> 
     </span>
     <span class='ocr_line' id='line_1_13' title="bbox 62 947 1241 998; baseline -0.002 -12"><span class='ocrx_word' id='word_1_85' title='bbox 62 950 234 998; x_wconf 84' lang='lat' dir='ltr'><strong>gratuita</strong></span> <span class='ocrx_word' id='word_1_86' title='bbox 253 950 461 986; x_wconf 87' lang='lat' dir='ltr'><strong>crudelitas</strong></span> <span class='ocrx_word' id='word_1_87' title='bbox 476 954 585 994; x_wconf 88' lang='lat' dir='ltr'><strong>esset,</strong></span> <span class='ocrx_word' id='word_1_88' title='bbox 598 949 786 985; x_wconf 89' lang='lat' dir='ltr'><strong>bonorum</strong></span> <span class='ocrx_word' id='word_1_89' title='bbox 801 947 958 984; x_wconf 87' lang='lat' dir='ltr'><strong>donatio</strong></span> <span class='ocrx_word' id='word_1_90' title='bbox 973 949 1080 997; x_wconf 90' lang='lat' dir='ltr'><strong>sequi</strong></span> <span class='ocrx_word' id='word_1_91' title='bbox 1096 949 1241 984; x_wconf 90' lang='lat' dir='ltr'><strong>domini</strong></span> 
     </span>
     <span class='ocr_line' id='line_1_14' title="bbox 64 1013 1244 1063; baseline -0.001 -12"><span class='ocrx_word' id='word_1_92' title='bbox 64 1015 304 1063; x_wconf 90' lang='lat' dir='ltr'><strong>supplicium.</strong></span> <span class='ocrx_word' id='word_1_93' title='bbox 362 1015 451 1051; x_wconf 86' lang='lat' dir='ltr'><strong>Hac</strong></span> <span class='ocrx_word' id='word_1_94' title='bbox 478 1013 650 1050; x_wconf 86' lang='lat' dir='ltr'><strong>mercede</strong></span> <span class='ocrx_word' id='word_1_95' title='bbox 677 1013 861 1049; x_wconf 84' lang='lat' dir='ltr'><strong>iuventus</strong></span> <span class='ocrx_word' id='word_1_96' title='bbox 895 1013 1034 1048; x_wconf 75' lang='lat' dir='ltr'><strong>nobilis</strong></span> <span class='ocrx_word' id='word_1_97' title='bbox 1064 1018 1244 1062; x_wconf 84' lang='lat' dir='ltr'><strong>corrupta</strong></span> 
     </span>
     <span class='ocr_line' id='line_1_15' title="bbox 63 1077 1242 1125; baseline -0.001 -12"><span class='ocrx_word' id='word_1_98' title='bbox 63 1090 142 1114; x_wconf 91' lang='lat' dir='ltr'><strong>non</strong></span> <span class='ocrx_word' id='word_1_99' title='bbox 170 1079 283 1115; x_wconf 91' lang='lat' dir='ltr'><strong>modo</strong></span> <span class='ocrx_word' id='word_1_100' title='bbox 312 1091 391 1114; x_wconf 89' lang='lat' dir='ltr'><strong>non</strong></span> <span class='ocrx_word' id='word_1_101' title='bbox 420 1079 476 1114; x_wconf 87' lang='lat' dir='ltr'><strong>ire</strong></span> <span class='ocrx_word' id='word_1_102' title='bbox 504 1077 657 1114; x_wconf 85' lang='lat' dir='ltr'><strong>obviam</strong></span> <span class='ocrx_word' id='word_1_103' title='bbox 686 1077 848 1121; x_wconf 82' lang='lat' dir='ltr'><strong>iniuriae‚</strong></span> <span class='ocrx_word' id='word_1_104' title='bbox 878 1077 944 1112; x_wconf 86' lang='lat' dir='ltr'><strong>sed</strong></span> <span class='ocrx_word' id='word_1_105' title='bbox 973 1077 1171 1125; x_wconf 78' lang='lat' dir='ltr'><strong>propalam</strong></span> <span class='ocrx_word' id='word_1_106' title='bbox 1199 1077 1242 1113; x_wconf 87' lang='lat' dir='ltr'><strong>li-</strong></span> 
     </span>
     <span class='ocr_line' id='line_1_16' title="bbox 64 1141 1065 1191; baseline -0.002 -13"><span class='ocrx_word' id='word_1_107' title='bbox 64 1143 231 1179; x_wconf 83' lang='lat' dir='ltr'><strong>centiam</strong></span> <span class='ocrx_word' id='word_1_108' title='bbox 249 1156 358 1179; x_wconf 88' lang='lat' dir='ltr'><strong>suam</strong></span> <span class='ocrx_word' id='word_1_109' title='bbox 377 1143 489 1179; x_wconf 86' lang='lat' dir='ltr'><strong>malle</strong></span> <span class='ocrx_word' id='word_1_110' title='bbox 509 1155 624 1191; x_wconf 86' lang='lat' dir='ltr'><strong>quam</strong></span> <span class='ocrx_word' id='word_1_111' title='bbox 643 1141 814 1178; x_wconf 91' lang='lat' dir='ltr'><strong>omnium</strong></span> <span class='ocrx_word' id='word_1_112' title='bbox 835 1141 1065 1177; x_wconf 83' lang='lat' dir='ltr'><strong>libertatem.</strong></span> 
     </span>
     <span class='ocr_line' id='line_1_17' title="bbox 143 1206 1310 1255; baseline 0 -12"><span class='ocrx_word' id='word_1_113' title='bbox 143 1206 238 1243; x_wconf 89' lang='lat' dir='ltr'><strong>Idus</strong></span> <span class='ocrx_word' id='word_1_114' title='bbox 251 1207 364 1243; x_wconf 79' lang='lat' dir='ltr'><strong>Maiae</strong></span> <span class='ocrx_word' id='word_1_115' title='bbox 377 1220 526 1244; x_wconf 80' lang='lat' dir='ltr'><strong>venere,</strong></span> <span class='ocrx_word' id='word_1_116' title='bbox 563 1207 695 1242; x_wconf 83' lang='lat' dir='ltr'><strong>Nullis</strong></span> <span class='ocrx_word' id='word_1_117' title='bbox 709 1207 924 1254; x_wconf 84' lang='lat' dir='ltr'><strong>subrogatis</strong></span> <span class='ocrx_word' id='word_1_118' title='bbox 937 1207 1238 1255; x_wconf 82' lang='lat' dir='ltr'><strong>magist-ratibus,</strong></span> <span class='ocrx_word' id='word_1_119' title='bbox 1262 1216 1310 1253; x_wconf 84' lang='lat'><strong>38</strong></span> 
     </span>
    </p>

    <p class='ocr_par' dir='ltr' id='par_1_3' title="bbox 64 1269 1241 1322">
     <span class='ocr_line' id='line_1_18' title="bbox 64 1269 1241 1322; baseline -0.001 -17"><span class='ocrx_word' id='word_1_120' title='bbox 64 1269 208 1318; x_wconf 81' lang='lat' dir='ltr'><strong>privati</strong></span> <span class='ocrx_word' id='word_1_121' title='bbox 232 1283 301 1319; x_wconf 87' lang='lat' dir='ltr'><strong>pro</strong></span> <span class='ocrx_word' id='word_1_122' title='bbox 320 1270 555 1316; x_wconf 85' lang='lat' dir='ltr'><strong>decemviris,</strong></span> <span class='ocrx_word' id='word_1_123' title='bbox 578 1283 702 1319; x_wconf 87' lang='lat' dir='ltr'><strong>neque</strong></span> <span class='ocrx_word' id='word_1_124' title='bbox 720 1269 860 1306; x_wconf 83' lang='lat' dir='ltr'><strong>animis</strong></span> <span class='ocrx_word' id='word_1_125' title='bbox 879 1269 927 1306; x_wconf 88' lang='lat' dir='ltr'><strong>ad</strong></span> <span class='ocrx_word' id='word_1_126' title='bbox 957 1291 1071 1316; x_wconf 78' lang='lat' dir='ltr'><strong>Inroads</strong></span> <span class='ocrx_word' id='word_1_127' title='bbox 1084 1292 1119 1322; x_wconf 56' lang='lat' dir='ltr'><strong>by</strong></span> <span class='ocrx_word' id='word_1_128' title='bbox 1131 1292 1241 1318; x_wconf 79' lang='lat' dir='ltr'><strong>Sabines</strong></span> 
     </span>
    </p>
   </div>
   <div class='ocr_carea' id='block_1_3' title="bbox 64 1323 1253 1382">
    <p class='ocr_par' dir='ltr' id='par_1_4' title="bbox 64 1323 1253 1382">
     <span class='ocr_line' id='line_1_19' title="bbox 64 1323 1253 1382; baseline 0 -14"><span class='ocrx_word' id='word_1_129' title='bbox 64 1333 267 1382; x_wconf 85' lang='lat' dir='ltr'><strong>imperium</strong></span> <span class='ocrx_word' id='word_1_130' title='bbox 290 1335 545 1371; x_wconf 85' lang='lat' dir='ltr'><strong>inhibendum</strong></span> <span class='ocrx_word' id='word_1_131' title='bbox 564 1334 784 1370; x_wconf 88' lang='lat' dir='ltr'><strong>imminutis</strong></span> <span class='ocrx_word' id='word_1_132' title='bbox 802 1346 926 1382; x_wconf 88' lang='lat' dir='ltr'><strong>neque</strong></span> <span class='ocrx_word' id='word_1_133' title='bbox 953 1323 1253 1378; x_wconf 51' lang='lat' dir='ltr'><strong>ffssnffissffffl‘ssslfffff</strong></span> 
     </span>
    </p>
   </div>
   <div class='ocr_carea' id='block_1_4' title="bbox 63 1386 1274 2283">
    <p class='ocr_par' dir='ltr' id='par_1_5' title="bbox 63 1386 1274 2283">
     <span class='ocr_line' id='line_1_20' title="bbox 63 1386 1110 1447; baseline 0.003 -15"><span class='ocrx_word' id='word_1_134' title='bbox 63 1396 112 1432; x_wconf 88' lang='lat' dir='ltr'><strong>ad</strong></span> <span class='ocrx_word' id='word_1_135' title='bbox 125 1397 288 1445; x_wconf 83' lang='lat' dir='ltr'><strong>speciem</strong></span> <span class='ocrx_word' id='word_1_136' title='bbox 304 1397 460 1435; x_wconf 85' lang='lat' dir='ltr'><strong>honoris</strong></span> <span class='ocrx_word' id='word_1_137' title='bbox 478 1398 706 1447; x_wconf 81' lang='lat' dir='ltr'><strong>insignibus,</strong></span> <span class='ocrx_word' id='word_1_138' title='bbox 722 1398 924 1447; x_wconf 87' lang='lat' dir='ltr'><strong>prodeunt.</strong></span> <span class='ocrx_word' id='word_1_139' title='bbox 955 1386 1110 1408; x_wconf 36' lang='lat' dir='ltr'><strong>mmmm&amp;</strong></span> 
     </span>
     <span class='ocr_line' id='line_1_21' title="bbox 64 1459 1274 1511; baseline 0.002 -15"><span class='ocrx_word' id='word_1_140' title='bbox 64 1459 112 1496; x_wconf 94' lang='lat' dir='ltr'><strong>Id</strong></span> <span class='ocrx_word' id='word_1_141' title='bbox 143 1473 234 1497; x_wconf 91' lang='lat' dir='ltr'><strong>vero</strong></span> <span class='ocrx_word' id='word_1_142' title='bbox 265 1475 425 1511; x_wconf 88' lang='lat' dir='ltr'><strong>regnum</strong></span> <span class='ocrx_word' id='word_1_143' title='bbox 457 1462 562 1498; x_wconf 84' lang='lat' dir='ltr'><strong>haud</strong></span> <span class='ocrx_word' id='word_1_144' title='bbox 595 1462 710 1498; x_wconf 92' lang='lat' dir='ltr'><strong>dubie</strong></span> <span class='ocrx_word' id='word_1_145' title='bbox 743 1462 876 1498; x_wconf 83' lang='lat' dir='ltr'><strong>videri.</strong></span> <span class='ocrx_word' id='word_1_146' title='bbox 935 1461 1171 1510; x_wconf 83' lang='lat' dir='ltr'><strong>Deploratur</strong></span> <span class='ocrx_word' id='word_1_147' title='bbox 1199 1463 1239 1498; x_wconf 89' lang='lat' dir='ltr'><strong>in</strong></span> <span class='ocrx_word' id='word_1_148' title='bbox 1261 1490 1274 1506; x_wconf 80' lang='lat'>2</span> 
     </span>
     <span class='ocr_line' id='line_1_22' title="bbox 64 1525 1241 1574; baseline 0.002 -15"><span class='ocrx_word' id='word_1_149' title='bbox 64 1529 289 1572; x_wconf 83' lang='lat' dir='ltr'><strong>perpetuum</strong></span> <span class='ocrx_word' id='word_1_150' title='bbox 318 1526 486 1571; x_wconf 80' lang='lat' dir='ltr'><strong>libertas,</strong></span> <span class='ocrx_word' id='word_1_151' title='bbox 508 1539 577 1563; x_wconf 91' lang='lat' dir='ltr'><strong>nec</strong></span> <span class='ocrx_word' id='word_1_152' title='bbox 602 1526 749 1562; x_wconf 83' lang='lat' dir='ltr'><strong>vindex</strong></span> <span class='ocrx_word' id='word_1_153' title='bbox 771 1526 973 1574; x_wconf 85' lang='lat' dir='ltr'><strong>quisquam</strong></span> <span class='ocrx_word' id='word_1_154' title='bbox 994 1525 1148 1561; x_wconf 73' lang='lat' dir='ltr'><strong>exsistit</strong></span> <span class='ocrx_word' id='word_1_155' title='bbox 1171 1530 1241 1561; x_wconf 86' lang='lat' dir='ltr'><strong>aut</strong></span> 
     </span>
     <span class='ocr_line' id='line_1_23' title="bbox 64 1589 1238 1638; baseline 0.003 -15"><span class='ocrx_word' id='word_1_156' title='bbox 64 1589 218 1624; x_wconf 76' lang='lat' dir='ltr'><strong>futurus</strong></span> <span class='ocrx_word' id='word_1_157' title='bbox 238 1589 401 1626; x_wconf 87' lang='lat' dir='ltr'><strong>videtur.</strong></span> <span class='ocrx_word' id='word_1_158' title='bbox 442 1589 480 1625; x_wconf 88' lang='lat' dir='ltr'>N</span> <span class='ocrx_word' id='word_1_159' title='bbox 484 1603 525 1626; x_wconf 89' lang='lat' dir='ltr'><strong>ec</strong></span> <span class='ocrx_word' id='word_1_160' title='bbox 544 1590 617 1638; x_wconf 89' lang='lat' dir='ltr'><strong>ipsi</strong></span> <span class='ocrx_word' id='word_1_161' title='bbox 636 1589 758 1626; x_wconf 89' lang='lat' dir='ltr'><strong>solum</strong></span> <span class='ocrx_word' id='word_1_162' title='bbox 778 1589 1062 1638; x_wconf 69' lang='lat' dir='ltr'><strong>desponderant</strong></span> <span class='ocrx_word' id='word_1_163' title='bbox 1079 1589 1238 1636; x_wconf 83' lang='lat' dir='ltr'><strong>animos,</strong></span> 
     </span>
     <span class='ocr_line' id='line_1_24' title="bbox 64 1651 1241 1703; baseline 0.002 -15"><span class='ocrx_word' id='word_1_164' title='bbox 64 1651 130 1688; x_wconf 73' lang='lat' dir='ltr'><strong>sed</strong></span> <span class='ocrx_word' id='word_1_165' title='bbox 148 1654 340 1702; x_wconf 81' lang='lat' dir='ltr'><strong>contemni</strong></span> <span class='ocrx_word' id='word_1_166' title='bbox 358 1655 471 1703; x_wconf 84' lang='lat' dir='ltr'><strong>coepti</strong></span> <span class='ocrx_word' id='word_1_167' title='bbox 490 1660 602 1691; x_wconf 78' lang='lat' dir='ltr'><strong>erant</strong></span> <span class='ocrx_word' id='word_1_168' title='bbox 620 1668 643 1690; x_wconf 85' lang='lat' dir='ltr'><strong>a</strong></span> <span class='ocrx_word' id='word_1_169' title='bbox 657 1654 833 1691; x_wconf 85' lang='lat' dir='ltr'><strong>finitimis</strong></span> <span class='ocrx_word' id='word_1_170' title='bbox 846 1653 1008 1702; x_wconf 83' lang='lat' dir='ltr'><strong>populis,</strong></span> <span class='ocrx_word' id='word_1_171' title='bbox 1021 1653 1241 1702; x_wconf 88' lang='lat' dir='ltr'><strong>imperium-</strong></span> 
     </span>
     <span class='ocr_line' id='line_1_25' title="bbox 64 1717 1237 1766; baseline 0.002 -13"><span class='ocrx_word' id='word_1_172' title='bbox 64 1729 138 1766; x_wconf 91' lang='lat' dir='ltr'><strong>que</strong></span> <span class='ocrx_word' id='word_1_173' title='bbox 174 1718 229 1753; x_wconf 87' lang='lat' dir='ltr'><strong>ibi</strong></span> <span class='ocrx_word' id='word_1_174' title='bbox 261 1732 351 1765; x_wconf 82' lang='lat' dir='ltr'><strong>esse,</strong></span> <span class='ocrx_word' id='word_1_175' title='bbox 384 1720 450 1755; x_wconf 87' lang='lat' dir='ltr'><strong>ubi</strong></span> <span class='ocrx_word' id='word_1_176' title='bbox 482 1733 560 1756; x_wconf 89' lang='lat' dir='ltr'><strong>non</strong></span> <span class='ocrx_word' id='word_1_177' title='bbox 593 1724 691 1756; x_wconf 88' lang='lat' dir='ltr'><strong>esset</strong></span> <span class='ocrx_word' id='word_1_178' title='bbox 723 1719 892 1762; x_wconf 85' lang='lat' dir='ltr'><strong>libertas,</strong></span> <span class='ocrx_word' id='word_1_179' title='bbox 923 1717 1237 1766; x_wconf 83' lang='lat' dir='ltr'><strong>indignabantur.</strong></span> 
     </span>
     <span class='ocr_line' id='line_1_26' title="bbox 65 1781 1274 1832; baseline 0.002 -15"><span class='ocrx_word' id='word_1_180' title='bbox 65 1781 199 1818; x_wconf 82' lang='lat' dir='ltr'><strong>Sabini</strong></span> <span class='ocrx_word' id='word_1_181' title='bbox 224 1795 364 1832; x_wconf 86' lang='lat' dir='ltr'><strong>magna</strong></span> <span class='ocrx_word' id='word_1_182' title='bbox 383 1796 500 1820; x_wconf 89' lang='lat' dir='ltr'><strong>manu</strong></span> <span class='ocrx_word' id='word_1_183' title='bbox 519 1784 777 1820; x_wconf 88' lang='lat' dir='ltr'><strong>incursionem</strong></span> <span class='ocrx_word' id='word_1_184' title='bbox 797 1783 838 1818; x_wconf 91' lang='lat' dir='ltr'><strong>in</strong></span> <span class='ocrx_word' id='word_1_185' title='bbox 858 1795 993 1831; x_wconf 84' lang='lat' dir='ltr'><strong>agrum</strong></span> <span class='ocrx_word' id='word_1_186' title='bbox 1019 1782 1238 1819; x_wconf 86' lang='lat' dir='ltr'><strong>Romanum</strong></span> <span class='ocrx_word' id='word_1_187' title='bbox 1259 1804 1274 1827; x_wconf 87' lang='lat'>3</span> 
     </span>
     <span class='ocr_line' id='line_1_27' title="bbox 64 1846 1242 1898; baseline 0.003 -17"><span class='ocrx_word' id='word_1_188' title='bbox 64 1846 208 1893; x_wconf 80' lang='lat' dir='ltr'><strong>feeere3</strong></span> <span class='ocrx_word' id='word_1_189' title='bbox 235 1847 388 1896; x_wconf 75' lang='lat' dir='ltr'><strong>lateque</strong></span> <span class='ocrx_word' id='word_1_190' title='bbox 410 1849 586 1898; x_wconf 84' lang='lat' dir='ltr'><strong>populati</strong></span> <span class='ocrx_word' id='word_1_191' title='bbox 612 1861 730 1898; x_wconf 87' lang='lat' dir='ltr'><strong>quum</strong></span> <span class='ocrx_word' id='word_1_192' title='bbox 759 1847 960 1885; x_wconf 87' lang='lat' dir='ltr'><strong>hominum</strong></span> <span class='ocrx_word' id='word_1_193' title='bbox 987 1852 1104 1895; x_wconf 84' lang='lat' dir='ltr'><strong>atque</strong></span> <span class='ocrx_word' id='word_1_194' title='bbox 1132 1860 1242 1895; x_wconf 83' lang='lat' dir='ltr'><strong>pecu-</strong></span> 
     </span>
     <span class='ocr_line' id='line_1_28' title="bbox 64 1903 1240 1961; baseline 0.002 -15"><span class='ocrx_word' id='word_1_195' title='bbox 64 1909 155 1946; x_wconf 89' lang='lat' dir='ltr'><strong>dum</strong></span> <span class='ocrx_word' id='word_1_196' title='bbox 180 1910 297 1947; x_wconf 88' lang='lat' dir='ltr'><strong>inulti</strong></span> <span class='ocrx_word' id='word_1_197' title='bbox 320 1912 470 1960; x_wconf 84' lang='lat' dir='ltr'><strong>praedas</strong></span> <span class='ocrx_word' id='word_1_198' title='bbox 495 1913 672 1961; x_wconf 85' lang='lat' dir='ltr'><strong>egissent,</strong></span> <span class='ocrx_word' id='word_1_199' title='bbox 695 1903 846 1960; x_wconf 78' lang='lat' dir='ltr'><strong>recepto</strong></span> <span class='ocrx_word' id='word_1_200' title='bbox 871 1911 918 1947; x_wconf 87' lang='lat' dir='ltr'><strong>ad</strong></span> <span class='ocrx_word' id='word_1_201' title='bbox 945 1910 1117 1957; x_wconf 90' lang='lat' dir='ltr'><strong>Eretum,</strong></span> <span class='ocrx_word' id='word_1_202' title='bbox 1139 1911 1240 1960; x_wconf 92' lang='lat' dir='ltr'><strong>quod</strong></span> 
     </span>
     <span class='ocr_line' id='line_1_29' title="bbox 63 1975 1240 2027; baseline 0.002 -17"><span class='ocrx_word' id='word_1_203' title='bbox 63 1975 204 2024; x_wconf 86' lang='lat' dir='ltr'><strong>passim</strong></span> <span class='ocrx_word' id='word_1_204' title='bbox 234 1982 414 2025; x_wconf 83' lang='lat' dir='ltr'><strong>vagatum</strong></span> <span class='ocrx_word' id='word_1_205' title='bbox 442 1983 535 2024; x_wconf 88' lang='lat' dir='ltr'><strong>erat,</strong></span> <span class='ocrx_word' id='word_1_206' title='bbox 564 1978 869 2027; x_wconf 83' lang='lat' dir='ltr'><strong>agmine,cast1·a</strong></span> <span class='ocrx_word' id='word_1_207' title='bbox 898 1977 1037 2021; x_wconf 83' lang='lat' dir='ltr'><strong>locant,</strong></span> <span class='ocrx_word' id='word_1_208' title='bbox 1065 1989 1170 2024; x_wconf 88' lang='lat' dir='ltr'><strong>spem</strong></span> <span class='ocrx_word' id='word_1_209' title='bbox 1198 1977 1240 2012; x_wconf 90' lang='lat' dir='ltr'><strong>in</strong></span> 
     </span>
     <span class='ocr_line' id='line_1_30' title="bbox 64 2038 1241 2090; baseline 0 -15"><span class='ocrx_word' id='word_1_210' title='bbox 64 2038 255 2076; x_wconf 72' lang='lat' dir='ltr'><strong>discordia</strong></span> <span class='ocrx_word' id='word_1_211' title='bbox 282 2040 460 2078; x_wconf 82' lang='lat' dir='ltr'><strong>Romana</strong></span> <span class='ocrx_word' id='word_1_212' title='bbox 486 2048 695 2090; x_wconf 86' lang='lat' dir='ltr'><strong>ponentes:</strong></span> <span class='ocrx_word' id='word_1_213' title='bbox 724 2053 808 2078; x_wconf 85' lang='lat' dir='ltr'><strong>eam</strong></span> <span class='ocrx_word' id='word_1_214' title='bbox 836 2040 1157 2089; x_wconf 84' lang='lat' dir='ltr'><strong>impedimentum</strong></span> <span class='ocrx_word' id='word_1_215' title='bbox 1187 2039 1241 2076; x_wconf 92' lang='lat' dir='ltr'><strong>di-</strong></span> 
     </span>
     <span class='ocr_line' id='line_1_31' title="bbox 63 2103 1274 2153; baseline -0.001 -12"><span class='ocrx_word' id='word_1_216' title='bbox 63 2104 182 2141; x_wconf 87' lang='lat' dir='ltr'><strong>lectui</strong></span> <span class='ocrx_word' id='word_1_217' title='bbox 202 2105 294 2141; x_wconf 77' lang='lat' dir='ltr'><strong>fore.</strong></span> <span class='ocrx_word' id='word_1_218' title='bbox 351 2103 446 2141; x_wconf 83' lang='lat' dir='ltr'><strong>Non</strong></span> <span class='ocrx_word' id='word_1_219' title='bbox 463 2105 595 2142; x_wconf 91' lang='lat' dir='ltr'><strong>nuntii</strong></span> <span class='ocrx_word' id='word_1_220' title='bbox 615 2106 749 2150; x_wconf 88' lang='lat' dir='ltr'><strong>solum,</strong></span> <span class='ocrx_word' id='word_1_221' title='bbox 770 2104 836 2142; x_wconf 88' lang='lat' dir='ltr'><strong>sed</strong></span> <span class='ocrx_word' id='word_1_222' title='bbox 861 2117 929 2153; x_wconf 90' lang='lat' dir='ltr'><strong>per</strong></span> <span class='ocrx_word' id='word_1_223' title='bbox 954 2103 1088 2139; x_wconf 85' lang='lat' dir='ltr'><strong>urbem</strong></span> <span class='ocrx_word' id='word_1_224' title='bbox 1114 2116 1239 2152; x_wconf 86' lang='lat' dir='ltr'><strong>agres-</strong></span> <span class='ocrx_word' id='word_1_225' title='bbox 1259 2120 1274 2143; x_wconf 75' lang='lat'><strong>⁴</strong></span> 
     </span>
     <span class='ocr_line' id='line_1_32' title="bbox 64 2167 1239 2219; baseline -0.003 -12"><span class='ocrx_word' id='word_1_226' title='bbox 64 2170 165 2207; x_wconf 87' lang='lat' dir='ltr'><strong>tium</strong></span> <span class='ocrx_word' id='word_1_227' title='bbox 191 2170 283 2219; x_wconf 86' lang='lat' dir='ltr'><strong>fuga</strong></span> <span class='ocrx_word' id='word_1_228' title='bbox 314 2170 611 2218; x_wconf 89' lang='lat' dir='ltr'><strong>trepidationem</strong></span> <span class='ocrx_word' id='word_1_229' title='bbox 642 2170 784 2206; x_wconf 86' lang='lat' dir='ltr'><strong>iniecit.</strong></span> <span class='ocrx_word' id='word_1_230' title='bbox 842 2167 1063 2205; x_wconf 84' lang='lat' dir='ltr'><strong>Decemviri</strong></span> <span class='ocrx_word' id='word_1_231' title='bbox 1089 2168 1239 2204; x_wconf 85' lang='lat' dir='ltr'><strong>eonsul-</strong></span> 
     </span>
     <span class='ocr_line' id='line_1_33' title="bbox 65 2233 1240 2283; baseline -0.003 -12"><span class='ocrx_word' id='word_1_232' title='bbox 65 2238 164 2280; x_wconf 80' lang='lat' dir='ltr'><strong>tant,</strong></span> <span class='ocrx_word' id='word_1_233' title='bbox 195 2235 288 2283; x_wconf 82' lang='lat' dir='ltr'><strong>quid</strong></span> <span class='ocrx_word' id='word_1_234' title='bbox 320 2247 417 2283; x_wconf 87' lang='lat' dir='ltr'><strong>opus</strong></span> <span class='ocrx_word' id='word_1_235' title='bbox 447 2234 549 2271; x_wconf 83' lang='lat' dir='ltr'><strong>facto</strong></span> <span class='ocrx_word' id='word_1_236' title='bbox 578 2235 641 2280; x_wconf 86' lang='lat' dir='ltr'><strong>sit,</strong></span> <span class='ocrx_word' id='word_1_237' title='bbox 673 2234 852 2271; x_wconf 83' lang='lat' dir='ltr'><strong>destituti</strong></span> <span class='ocrx_word' id='word_1_238' title='bbox 883 2233 988 2268; x_wconf 89' lang='lat' dir='ltr'><strong>inter</strong></span> <span class='ocrx_word' id='word_1_239' title='bbox 1016 2236 1170 2280; x_wconf 86' lang='lat' dir='ltr'><strong>patrum</strong></span> <span class='ocrx_word' id='word_1_240' title='bbox 1201 2237 1240 2268; x_wconf 92' lang='lat' dir='ltr'><strong>et</strong></span> 
     </span>
    </p>
   </div>
  </div>
 </body>
</html>
