1438 2466
99 179 201 207 acu.
226 165 318 218 460]
538 166 709 203 LIBER
746 166 830 202 III.
1205 167 1269 204 101

96 277 176 301 non
195 265 242 300 ad
261 263 511 313 populandos,
533 268 577 299 ut
596 268 696 309 ante,
718 264 822 309 fines,
844 264 909 300 sed
929 264 976 299 ad
999 264 1128 300 urbem
1157 268 1201 299 ut
1225 276 1274 299 ex

97 335 206 380 parte
225 338 376 379 captam
396 330 586 366 venirent.
645 329 767 366 Multi
785 333 826 366 et
843 329 942 365 varii
962 329 1120 365 timores
1135 342 1144 374 5
1172 329 1274 364 inter
1291 343 1308 368 3

97 399 242 431 ceteros
261 394 457 431 eminebat
485 398 609 430 terror
634 393 793 438 servilis,
817 406 866 429 ne
888 406 981 429 suus
1006 393 1145 441 cuique
1171 392 1273 427 domi

97 457 218 494 hostis
249 465 360 504 esset,
393 457 456 494 cui
493 450 562 494 nec
595 457 747 494 credere
777 469 847 493 nec
884 469 962 492 non
991 455 1190 501 credendo,
1225 468 1274 491 ne

97 521 275 558 infestior
295 522 412 567 fieret,
435 521 549 557 fidem
575 521 758 569 abrogare
781 520 877 556 satis
904 524 989 556 erat
1008 523 1140 555 tutum
1152 533 1163 566 3
1194 519 1274 554 vix-

97 599 171 635 que
199 585 402 623 concordia
429 585 513 622 sisti
540 585 746 621 videbatur
774 598 892 634 posse.
950 585 1118 620 Tantum
1146 596 1274 632 super-
1290 600 1306 624 ⁴

96 650 254 687 antibus
272 650 359 687 aliis
378 662 422 686 ac
441 649 706 698 mergentibus
731 649 854 695 malis,
877 661 989 685 nemo
1010 649 1186 684 tribunos
1206 652 1275 684 aut

96 714 247 763 plebem
267 714 431 750 timebat
444 728 457 761 ;
484 718 730 750 mansuetum
750 713 790 748 id
806 712 951 748 malum
966 716 1005 748 et
1024 724 1092 760 per
1111 712 1272 748 aliorum

96 780 265 828 quietem
289 779 478 815 malorum
501 791 651 827 semper
675 778 853 815 exoriens
878 783 962 814 tum
985 777 1145 826 quiesse,
1167 789 1272 826 pere-

94 843 206 892 grino
226 847 372 879 terrore
391 843 570 891 sopitum,
593 842 809 879 videbatur.
867 842 926 877 At
946 841 986 877 id
1010 854 1127 890 prope
1151 853 1272 876 unum
1291 856 1306 880 5

96 907 263 944 maxime
289 907 486 944 inclinatis
514 908 629 943 rebus
656 907 843 943 incubuit.
903 906 1052 943 Tantus
1075 906 1178 942 enim
1207 906 1271 942 tri-

95 971 218 1008 bunos
229 971 338 1008 furor
349 972 488 1018 tenuit,
506 977 552 1008 ut
566 984 644 1008 non
660 971 816 1017 bellum,
833 971 899 1008 sed
911 983 1050 1007 vanam
1066 971 1273 1020 imaginem

94 1035 186 1072 belli
205 1035 254 1072 ad
273 1037 502 1072 avertendos
521 1036 570 1072 ab
590 1035 684 1084 legis
702 1048 794 1072 cura¹
813 1035 936 1084 plebis
954 1035 1103 1071 animos
1122 1034 1274 1083 Capito-

93 1098 191 1136 lium
234 1099 419 1135 insedisse
462 1099 743 1135 contenderent
754 1113 764 1145 3
809 1097 1059 1147 patriciorum
1101 1098 1273 1147 hospites

92 1163 327 1213 clientesque
347 1164 390 1210 si,
412 1164 560 1212 perlata
579 1164 671 1212 lege,
691 1163 839 1199 frustra
857 1163 1118 1199 tumultuatos
1136 1174 1216 1199 esse
1234 1175 1274 1198 se

93 1228 277 1275 sentiant,
317 1229 471 1273 maiore,
510 1240 626 1276 quam
665 1227 854 1273 venerint,
893 1226 1048 1263 silentio
1086 1227 1270 1263 abituros.

94 1293 310 1330 Concilium
327 1293 416 1329 inde
436 1293 512 1341 legi
532 1291 766 1340 perferendae
787 1292 936 1337 habere,
953 1294 1113 1327 avocato
1133 1290 1274 1339 populo
1291 1308 1306 1330 ς,

93 1358 142 1394 ab
166 1358 294 1395 armis.
353 1357 540 1394 Senatum
570 1357 726 1393 interim
753 1356 927 1393 consules
953 1356 1108 1401 habent,
1131 1356 1209 1392 alio
1234 1369 1273 1392 se

92 1420 235 1457 maiore
255 1421 304 1456 ab
324 1420 493 1456 tribunis
519 1425 626 1456 metu
651 1420 890 1466 ostendente,
914 1432 1028 1468 quam
1055 1432 1170 1469 quem
1189 1432 1274 1455 noc—

92 1488 234 1521 turnus
252 1485 374 1521 hostis
389 1484 584 1521 intulerat.
622 1484 834 1533 Postquam
850 1497 956 1521 arma
991 1509 1091 1541 speech
1112 1510 1140 1534 οἱ
1161 1510 1274 1534 Publius
1294 1488 1340 1525 17

93 1549 187 1598 poni
201 1554 241 1586 et
256 1549 450 1586 discedere
465 1548 641 1585 homines
656 1550 705 1585 ab
724 1549 956 1585 stationibus
991 1541 1124 1571 Valerius,

93 1613 321 1650 nuntiatum
341 1618 409 1658 est,
432 1613 474 1649 P.
497 1613 692 1659 Valerius,
713 1613 856 1662 collega
875 1617 1051 1649 senatum
1069 1612 1272 1658 retinente,

93 1691 132 1715 se
165 1691 214 1714 ex
244 1678 350 1714 curia
381 1678 557 1726 proripit,
598 1677 687 1713 inde
722 1677 764 1712 iu
796 1677 984 1725 templum
1017 1675 1064 1711 ad
1097 1675 1275 1712 tribunos

95 1743 212 1779 venit.
273 1741 408 1786 “Quid
432 1741 503 1778 hoc
530 1741 587 1778 rei
617 1743 701 1778 est''
727 1742 869 1790 inquit,
892 1741 1072 1777 “tribuni
1084 1741 1096 1776 ’ἰ
1151 1741 1273 1789 Appii
1292 1762 1306 1778 2

96 1807 288 1845 Herdonii
321 1807 441 1843 (luctu
479 1810 518 1842 et
555 1806 726 1855 auspicio
759 1819 838 1842 rem
874 1805 1069 1854 publicam
1102 1805 1273 1841 eversuri

94 1872 212 1909 estis?
269 1871 362 1907 Tam
396 1871 493 1907 felix
524 1871 635 1907 vobis
665 1870 955 1919 corrumpendis
985 1869 1072 1916 fuit,
1105 1869 1171 1918 qui
1200 1882 1273 1905 ser-

95 1935 194 1971 vitia
230 1948 308 1971 non
347 1936 558 1972 commovit
598 1936 759 1972 auctor?
825 1934 952 1979 Quum
992 1934 1121 1970 hostes
1158 1946 1274 1982 supra

94 2003 211 2048 caput
241 1999 331 2044 sint,
361 1999 504 2035 discedi
537 1999 586 2035 ab
619 1999 737 2035 armis
768 1999 944 2048 legesque
974 1997 1065 2034 ferri
1098 1997 1274 2046 placetP'

96 2063 194 2100 Inde
213 2063 261 2099 ad
282 2063 574 2099 multitudinem
599 2063 773 2100 oratione
802 2075 931 2099 versa:
959 2062 1033 2098 “Si
1060 2074 1126 2098 vos
1154 2062 1272 2108 urbis,
1291 2079 1304 2101 3

97 2127 280 2172 Quirites,
301 2127 333 2163 si
359 2127 479 2164 vestri
504 2127 612 2164 nulla
640 2140 733 2164 cura
754 2127 892 2176 tangit,
923 2131 965 2162 at
991 2138 1059 2162 vos
1087 2126 1275 2162 veremini

96 2190 188 2228 deos
218 2194 368 2227 vestros
400 2191 449 2227 ab
478 2190 656 2228 hostibus
689 2195 829 2240 captos.
890 2189 1070 2238 Iuppiter
1105 2189 1274 2238 optimus

97 2255 289 2290 maximus
311 2254 484 2302 Iunoque
510 2255 646 2303 regina.
667 2258 706 2291 et
730 2253 921 2298 Minerva,
947 2252 1014 2289 alii
1037 2252 1091 2288 dii
1120 2252 1273 2302 deaeque
