1438 2466
92 152 198 181 Asm-
222 139 449 192 459—458]
535 139 708 177 LIBER
745 140 829 176 III.
1198 139 1273 176 113

91 243 190 280 fecit.
249 243 333 280 Nec
361 242 586 279 diuturnam
615 241 788 291 quietem
816 239 940 289 AEqui
968 239 1170 284 dederunt,
1191 240 1270 289 qui,
1289 255 1306 281 s

90 311 206 357 rupto
230 307 385 353 foedere,
406 306 509 356 quod
535 306 657 343 ictum
685 309 769 342 erat
795 304 922 354 priore
949 316 1052 340 anno
1080 316 1166 340 cum
1196 302 1271 340 Ro-

89 371 226 419 manis,
247 372 453 421 imperium
479 371 527 407 ad
557 370 774 407 Gracchum
801 369 980 407 Cloelium
1006 367 1211 414 deferunt3
1239 368 1272 404 is

89 440 173 472 tum
193 436 305 485 louge
326 435 502 485 princeps
521 435 562 471 in
583 435 726 484 quuis
751 439 844 472 erat.
903 433 1075 470 Graccho
1105 433 1200 469 duce
1230 432 1272 468 in
1289 443 1307 469 ⁶

90 500 328 538 Lavicanum
354 514 500 550 agrum,
522 501 612 537 inde
637 501 679 537 in
704 501 965 537 Tusculanum
992 498 1123 535 hostili
1150 510 1268 547 popu-

89 565 234 602 latione
247 565 420 611 veniunt,
435 565 617 614 plenique
630 564 766 614 praedae
778 565 819 600 in
833 563 978 612 Algido
993 567 1118 600 casua
1129 562 1265 598 locant.

89 629 140 666 In
164 642 209 667 ea
235 634 358 666 castra
383 630 426 674 Q.
451 629 606 675 Fabius,
636 629 678 665 P.
703 628 949 673 Volumnius,
972 627 1022 663 A.
1045 625 1270 663 Postumius

52 715 56 719 ·
87 693 206 743 legati
225 694 273 730 ab
293 693 418 730 Roma
433 697 626 730 venerunt
639 697 817 742 questum
832 691 996 728 iniurias
1011 695 1050 727 et
1065 703 1113 727 ex
1127 689 1269 727 foedere

88 772 149 796 res
178 759 394 808 repetitum.
453 759 531 795 Eos
559 758 781 808 AEquorum
810 758 1030 806 imperator,
1051 768 1136 804 quae
1165 767 1270 791 man-
1288 771 1303 795 7

87 824 178 860 data
207 824 375 861 habeant
404 825 453 861 ab
483 828 621 861 senatu
653 823 841 869 Romano,
869 822 919 859 ad
949 833 1131 871 quercum
1161 820 1268 857 iubet

87 888 234 935 dicere3
280 901 320 925 se
357 888 434 925 alia
471 889 629 925 interim
666 892 853 926 acturum.
925 886 1098 931 Quercus
1133 885 1269 935 ingens

85 953 199 990 arbor
227 953 407 1002 praetorio
437 953 677 997 imminebat,
708 954 819 990 cuius
848 952 986 989 umbra
1014 964 1132 1001 opaca
1160 951 1268 988 sedes

85 1022 177 1055 erat.
235 1017 333 1054 Tum
362 1031 411 1054 cx
438 1017 576 1067 legatis
604 1031 706 1054 unus
732 1017 866 1055 abiens
890 1016 979 1053 “Et
1003 1015 1116 1053 haec'’
1138 1015 1268 1065 inquit
1284 1031 1301 1057 8

87 1083 269 1118 “sacrata
300 1093 464 1130 quercus
495 1086 535 1118 et
573 1082 758 1131 quicquid
794 1081 954 1118 deorum
990 1084 1058 1125 est,
1092 1079 1264 1125 audiant,

84 1145 210 1182 foedus
241 1159 263 1182 a
294 1147 404 1183 vobis
436 1151 609 1195 ruptum,
642 1147 862 1195 nostrisque
895 1150 934 1182 et
966 1157 1069 1182 nunc
1101 1143 1267 1194 querelis

84 1209 216 1246 adsint
234 1214 274 1246 et
293 1223 382 1246 mox
402 1210 530 1256 armis,
547 1223 667 1259 quum
687 1211 845 1247 deorum
860 1209 1137 1259 hominumque
1151 1207 1267 1246 simul

83 1272 229 1309 violata
253 1272 339 1309 iura
364 1275 656 1322 exsequemur.’⁷
712 1274 878 1311 Romam
904 1278 950 1311 ut
971 1273 1117 1310 rediere
1136 1273 1264 1322 legati,
1284 1290 1300 1315 ς

83 1342 239 1374 senatus
265 1337 379 1375 iussit
405 1339 572 1376 alterum
601 1339 796 1376 consulem
824 1344 958 1376 contra
983 1339 1199 1376 Gracchum
1225 1338 1266 1374 in

84 1401 271 1451 Algidum
292 1403 504 1440 exercitum
525 1404 673 1448 ducere,
687 1403 801 1441 alteri
821 1403 1110 1453 populationem
1128 1404 1265 1440 finium

85 1467 305 1516 AEquorum
334 1467 573 1517 provinciam
602 1468 720 1505 dedit.
777 1468 942 1505 Tribuni
971 1481 1040 1505 suo
1069 1481 1174 1505 more
1198 1469 1266 1505 im-

85 1531 214 1580 pedire
234 1531 430 1577 dilectum,
452 1537 492 1569 ct
517 1533 679 1569 forsitan
705 1532 754 1569 ad
780 1533 962 1569 ultimum
990 1532 1242 1581 impedissent
1253 1546 1264 1580 3

84 1595 150 1632 sed
169 1608 294 1632 novus
318 1596 448 1633 subito
473 1596 628 1633 additus
656 1602 780 1634 terror
807 1602 874 1635 est.
933 1597 1006 1633 Vis
1035 1597 1264 1634 Sabinorum
1284 1602 1332 1639 26

84 1659 220 1708 ingens
238 1672 355 1709 prope
374 1660 423 1696 ad
443 1661 584 1698 moenia
602 1661 709 1698 urbis
727 1662 869 1698 infesta
887 1675 950 1711 po-
1199 1702 1204 1707 ,
1243 1703 1248 1708 ,

85 1724 282 1773 pulatione
308 1726 416 1762 venit
428 1739 439 1772 3
467 1725 602 1763 foedati
628 1727 721 1776 agri,
746 1731 870 1765 terror
894 1729 947 1764 in-
982 1701 1088 1757 caissff
1106 1709 1264 1763 gypfflciifl

981 1764 1090 1794 ruption
1106 1765 1135 1788 of
1152 1764 1263 1789 Sabinos

83 1789 205 1826 iectus
217 1789 305 1826 urbi
317 1796 385 1827 est.
426 1790 524 1827 Tum
540 1791 648 1840 plebs
662 1792 827 1842 benigne
842 1806 949 1830 arma
980 1793 1044 1849 {¹¹¹0.
1074 1794 1119 1819 t¹¹0
1155 1794 1263 1830 R⁰¹¹¹.⁸!¹

993 1827 1115 1855 emtor-5,
1137 1825 1184 1849 the
1210 1828 1266 1850 citi·

83 1854 186 1902 oepit
199 1866 209 1899 5
254 1853 553 1891 reclamantibus
590 1855 734 1892 frustra
781 1857 949 1894 tribunis
980 1862 1050 1910 ἓξὲξ
1064 1855 1263 1911 ffifflstffifdff

85 1918 214 1967 magni
239 1918 315 1955 duo
341 1919 534 1956 exercitus
561 1919 705 1969 scripti.
763 1921 948 1958 Alterum
980 1917 1264 1977 {Qfflsffiffffiffiug
1281 1938 1296 1955 2

85 1982 258 2019 Nautius
270 1988 405 2020 contra
419 1983 582 2022 Sabinos
596 1985 721 2032 duxit,
736 1983 946 2036 castrisque
979 1978 1263 2039 fflssfef'ffiffgffig

83 2047 133 2083 ad
153 2047 314 2084 Eretum
334 2049 480 2098 positis,
495 2062 562 2099 per
581 2050 846 2100 expeditiones
865 2065 948 2101 par·
979 2039 1263 2101 ffincfimssffiqgffioeiss

83 2123 164 2159 vas,
182 2112 410 2162 plerumque
429 2115 629 2151 nocturnis
650 2115 946 2163 incursionibus»,
980 2100 1264 2168 fflQssfffflffifncff

82 2179 232 2213 tantam
250 2177 472 2214 vastitatem
490 2178 533 2215 in
553 2179 696 2217 Sabino
715 2193 806 2230 agro
827 2181 947 2217 reddi·
980 2162 1264 2249 Effl÷zfflffiss

85 2239 153 2288 dit,
178 2246 223 2277 ut
247 2243 457 2291 comparati
482 2243 531 2280 ad
556 2257 640 2281 eam
666 2258 784 2295 prope
810 2246 946 2282 intacti
980 2255 1024 2284 ing
1042 2257 1070 2279 ιο
1086 2230 1211 2279 unffi-m
1227 2261 1262 2280 on

195 2322 230 2352 s.
253 2322 290 2354 L.
1123 2318 1149 2357 8
