1438 2466
150 109 196 144 18
666 109 727 145 LI
738 110 817 145 VII
968 110 1099 162 [Aoo.
1125 116 1328 163 246—247

79 199 126 235 14
226 204 333 240 Huic
358 208 437 239 talu
466 207 610 251 pacatae
628 204 856 252 profectioni
875 207 923 243 ab
944 208 1038 243 urbe
1056 210 1158 257 regis
1176 209 1332 247 Etrusci

429 268 638 305 abhorrens
656 282 736 306 mos
755 270 926 307 traditus
944 272 994 308 ab
1013 273 1187 322 antiquis
1210 287 1332 324 usque

428 332 477 368 ad
501 337 674 369 nostram
706 337 858 371 aetatem
898 336 1001 372 iuter
1029 341 1155 373 cetera
1184 339 1332 375 sollem-

112 397 208 432 2nia
245 402 387 443 manet,
421 397 523 433 bona
559 397 760 434 Porsinnae
788 399 889 448 regis
926 400 1132 439 vendendi.
1210 403 1332 440 Cuius

142 461 329 510 originem
359 460 477 498 moris
506 474 657 498 necesse
688 466 745 498 est
779 468 848 499 aut
880 463 983 500 inter
1016 465 1162 502 bellum
1198 472 1331 503 natam

143 539 222 563 esse
252 539 376 575 neque
409 526 589 562 omissam
622 527 663 562 in
695 539 798 575 pace,
833 532 903 565 aut
935 542 958 565 a
987 529 1142 567 mitiore
1167 531 1332 568 crevisse

141 591 341 641 principio,
377 604 492 640 quam
531 590 594 628 hic
632 604 709 640 prae
740 605 781 629 se
813 592 914 630 ferat
942 594 1085 631 titulus
1118 596 1220 633 bona
1245 596 1329 633 hos-

112 657 264 695 3tiliter
302 657 506 693 vendendi.
578 656 808 693 Proximum
847 671 939 696 vero
977 664 1036 696 est
1072 672 1121 696 ex
1149 661 1208 706 iis,
1247 674 1332 709 quae

141 722 363 765 traduntur,
393 721 625 757 Porsinnam
655 721 915 759 discedentem
936 724 984 760 ab
1005 724 1182 762 Ianiculo
1206 732 1332 762 castra

140 786 333 835 opulenta,
377 790 562 822 convecto
590 798 639 821 ex
666 786 894 835 propinquis
921 800 965 823 ac
994 788 1191 825 fertilibus
1217 789 1331 825 Etru-

145 295 206 319 Mos
235 296 307 320 bona
335 297 397 320 l'or—

143 326 228 351 sinnoe
241 327 380 352 vendendi.

140 850 206 886 riae
247 850 352 886 arvis
391 853 618 895 commeatu,
655 850 845 886 Romanis
884 851 985 887 dono
1030 851 1192 898 dedisse,
1224 852 1331 902 inopi

111 930 124 952 4
141 919 224 950 tum
245 914 340 950 urbe
359 914 408 950 ab
428 913 639 962 longinqua
658 907 856 950 obsidione
870 927 881 960 3
911 927 955 950 ea
974 914 1123 961 deinde,
1146 928 1195 952 ne
1214 929 1331 965 popu—

140 978 177 1015 lo
207 978 379 1014 immisso
410 977 675 1026 diriperentur
705 977 914 1023 hostiliter,
951 979 1113 1024 venisse,
1154 980 1331 1029 bonaque

141 1042 339 1079 Porsiunae
359 1042 562 1090 appellata,
580 1042 746 1090 gratiam
761 1043 933 1078 muneris
948 1043 1069 1091 magis
1089 1043 1330 1092 significante

139 1107 256 1144 titulo
282 1120 399 1156 quam
425 1107 643 1143 auctionem
670 1107 837 1143 fortunae
864 1107 988 1156 regiae,
1010 1120 1094 1156 quae
1121 1121 1169 1144 ne
1193 1108 1235 1145 in
1266 1122 1330 1158 po-

140 1178 281 1209 testate
299 1172 455 1221 quidem
475 1172 609 1222 populi
629 1172 799 1209 Romani
818 1177 928 1209 esset.

109 1248 123 1271 5
221 1237 372 1274 Omisso
414 1238 592 1274 Romano
628 1238 730 1274 bello
768 1237 971 1283 Porsinna,
1019 1251 1066 1273 nc
1105 1239 1250 1276 frustra
1289 1239 1329 1275 111

140 1331 303 1355 Invnsionof
310 1330 402 1354 Aricia
428 1315 473 1338 ea
511 1302 592 1338 loca
638 1302 833 1338 exercitus
879 1302 1069 1338 adductus
1120 1303 1327 1349 videretur,

140 1363 175 1392 by
187 1362 327 1386 rorsinna
429 1379 516 1402 culn
558 1371 668 1415 parte
714 1365 911 1414 copiarum
949 1365 1074 1402 filium
1113 1367 1330 1404 Arruntem

109 1445 124 1469 6
139 1433 314 1470 Ariciam
352 1435 617 1481 oppugnatum
657 1431 791 1468 mittit.
868 1431 1001 1467 Primo
1039 1431 1223 1468 Aricinos
1269 1446 1330 1469 res

139 1498 367 1546 necopinata
409 1495 626 1544 perculerat
639 1509 649 1542 3
687 1495 871 1532 arcessita.
898 1494 1037 1531 deinde
1065 1495 1214 1532 auxilia
1241 1501 1281 1533 ct
1307 1510 1329 1533 a

140 1562 294 1599 Latinis
332 1560 487 1609 populis
523 1564 562 1596 et
599 1574 622 1595 a
655 1559 789 1597 Cumis
817 1564 972 1596 tautum
1000 1559 1081 1609 spei
1111 1559 1245 1607 fecere,
1284 1565 1330 1597 ut

139 1627 219 1665 acie
243 1627 447 1664 decernere
466 1625 666 1662 auderent.
726 1624 867 1661 Proelio
888 1625 998 1670 inito,
1021 1625 1115 1662 adeo
1136 1625 1329 1663 concitato

139 1693 288 1741 impetu
328 1704 366 1727 se
405 1689 624 1725 intulerant
673 1689 840 1734 Etrusci,
882 1693 927 1724 ut
979 1688 1190 1725 funderent
1245 1691 1329 1739 ipso

107 1771 121 1794 7
139 1756 296 1792 incursu
333 1752 538 1789 Aricinos:
594 1752 778 1790 Cumanae
817 1753 992 1789 cohortes
1029 1757 1112 1788 arte
1144 1752 1328 1790 adversus

139 1821 219 1857 vim
256 1832 334 1856 usae
371 1818 614 1855 declinavere
663 1817 877 1866 paululum,
917 1818 1112 1866 effuseque
1149 1817 1329 1866 praelatos

107 1896 121 1920 8
138 1886 268 1922 hostes
293 1883 489 1921 conversis
515 1883 635 1931 signis
661 1883 709 1919 ab
735 1887 844 1932 tergo
870 1883 1014 1920 adortae
1041 1887 1144 1920 sunt.
1203 1882 1268 1919 Ita
1286 1883 1328 1920 in

138 1949 265 1986 medio
290 1960 407 1997 prope
432 1947 509 1983 iam
528 1947 694 1983 victores
720 1946 807 1983 caesi
833 1946 999 1983 Etrusci.
1059 1947 1156 1983 Pars
1180 1947 1327 1996 perexi-

138 2028 224 2065 gua,
242 2013 338 2051 duce
357 2012 509 2058 amisso,
526 2011 619 2061 quia
637 2012 788 2048 nullum
810 2013 970 2061 propius
990 2011 1211 2060 perfugium
1230 2016 1325 2057 erat,

140 2081 307 2117 Romam
331 2078 498 2114 inermes
523 2081 563 2113 et
587 2076 746 2112 fortuna
765 2081 806 2113 et
824 2075 949 2125 specie
969 2075 1186 2124 supplicum
1207 2075 1327 2113 delati

106 2161 122 2185 9
138 2149 241 2183 sunt.
299 2143 362 2180 Ibi
381 2142 546 2192 benigue
567 2142 718 2191 excepti
739 2141 932 2190 divisique
952 2141 992 2177 in
1012 2140 1191 2190 hospitia.
1251 2141 1324 2178 Cu-

138 2209 234 2246 ratis
263 2206 501 2252 vulneribus,
532 2205 598 2242 alii
633 2206 791 2254 profecti
823 2205 966 2250 domos,
1001 2205 1134 2242 nuntii
1162 2205 1327 2255 hospita-
