1438 2466
148 102 217 167 131
665 131 724 165 LI
736 130 811 167 Vll
1090 129 1224 181 [A.U.c.
1249 143 1320 180 305

143 227 264 262 maior
297 226 413 263 etiam
452 226 578 262 clades
615 230 797 274 accepta,
832 233 957 261 castra
994 238 1145 274 quoque
1183 226 1324 262 amissa

145 295 267 338 erant,
289 295 506 339 exutusque
532 290 711 326 omnibus
736 289 968 326 utensilibus
987 290 1097 327 miles
1115 290 1325 327 Tusculum

86 364 87 368 ’
140 368 192 403 se,
213 356 287 392 fide
311 354 649 403 misericordiaque
668 354 846 390 victurus
867 355 1072 403 hospitum,
1089 368 1174 404 quae
1193 360 1324 392 tamen

103 432 120 457 6
141 433 218 456 non
247 419 480 465 fefellerunt,
505 418 733 456 contulerat.
791 419 955 455 Romam
985 419 1086 455 tanti
1115 423 1227 456 erant
1248 423 1323 456 ter-

136 496 241 520 rores
277 482 398 529 allati,
429 485 483 527 ut,
515 481 639 530 posito
676 481 752 518 iam
791 482 1036 518 decemvirali
1073 483 1171 529 odio,
1196 487 1326 533 patres

139 547 292 596 vigilias
326 546 367 582 in
400 546 494 582 urbe
522 545 719 582 habendas
748 551 958 593 censerent,
988 559 1128 593 omnes,
1159 547 1225 596 qui
1256 560 1326 596 per

138 615 287 648 aetateui
302 624 410 647 al'nm
422 610 522 647 ferre
534 615 700 658 possent,
714 611 903 647 custodire
916 611 1055 647 moenia
1069 625 1112 647 ac
1125 624 1192 660 pro
1204 611 1326 661 portis

107 675 324 717 7stationes
353 687 465 723 agere
498 674 686 721 iuberent,
721 688 828 710 arma
860 675 1067 711 Tusculum
1102 688 1144 712 ac
1177 675 1325 724 supple-

139 743 311 775 mentum
339 739 600 785 decernerent,
631 739 940 788 decemvirosque
970 739 1018 775 ab
1051 752 1136 775 arce
1167 739 1325 776 Tusculi

139 803 332 852 degressos
347 803 387 839 in
401 803 534 839 castris
546 803 709 839 militem
725 803 874 850 habere,
892 808 1017 839 eastra
1035 803 1112 840 alia
1131 818 1152 839 a
1168 804 1325 841 Fidenis

140 867 181 903 in
201 867 387 903 Sabinum
409 880 541 915 agrum
572 866 784 912 transferri,
805 867 981 916 belloque
1002 867 1105 904 ultro
1125 867 1324 905 inferendo

141 930 325 967 deterreri
345 930 474 967 hostes
493 943 515 966 a
535 930 693 967 consilio
713 931 820 967 urbis
839 932 1114 980 oppugnandae.

71 995 120 1032 43
223 995 289 1031 Ad
316 995 440 1031 clades
467 995 515 1031 ab
542 994 719 1031 hostibus
745 1000 920 1044 acceptas
947 995 1022 1032 duo
1042 995 1212 1032 nefanda
1231 995 1321 1032 faci-

143 1075 428 1129 TiW⁰1⁰¹i¹¹¹s⁰i1¹¹³s⁵tin
457 1071 552 1094 nora
572 1058 779 1095 decemviri
799 1059 892 1095 belli
917 1059 1097 1108 domique
1122 1059 1320 1096 adiiciunt.

143 1108 305 1129 tm<owna
342 1113 357 1130 o
384 1108 429 1130 tic

108 1145 121 1161 2
141 1136 301 1190 dcxl-eiplvirsz
338 1166 354 1190 d
421 1166 432 1190 f
457 1124 500 1161 L.
535 1123 698 1160 Siccium
720 1124 761 1159 in
782 1124 946 1171 sabinis,
970 1138 1036 1173 pel·
1054 1125 1241 1161 iuvidiam
1263 1125 1323 1162 de·

142 1168 259 1227 si(cc'ius',⁰
275 1173 336 1190 mur
357 1173 386 1191 π
403 1174 419 1191 ⁰
458 1188 702 1225 eemviralem
724 1189 966 1225 tribunorum
995 1190 1246 1227 creandorum
1265 1203 1320 1227 se-

141 1251 402 1300 cessionisque
421 1252 637 1289 mentiones
656 1253 704 1289 ad
724 1253 864 1302 vulgus
889 1253 1058 1289 militum
1079 1255 1321 1292 sermonibus

141 1315 301 1352 occultis
337 1319 540 1361 serentem,
580 1316 888 1365 prospeculatum
925 1317 973 1352 ad
1011 1317 1135 1354 locum
1177 1318 1316 1355 castris

109 1401 122 1424 3
143 1379 371 1428 capiendum
393 1379 566 1416 mittunt.
626 1380 755 1416 Datur
781 1381 976 1429 negotium
1007 1381 1206 1427 militibus,
1229 1395 1324 1431 quos

143 1443 328 1479 miserant
348 1443 608 1492 expeditionis
627 1444 710 1480 eius
729 1443 898 1489 comites,
920 1448 966 1480 ut
991 1456 1078 1480 eum
1106 1449 1324 1494 opportuno

110 1527 122 1548 ⁴
143 1507 268 1543 adorti
288 1507 370 1543 loco
394 1507 666 1544 interficerent.
725 1508 846 1544 Haud
875 1508 1044 1544 inultum
1075 1509 1303 1546 interfecere
1312 1523 1323 1556 3

143 1585 232 1607 nam
263 1572 363 1608 circa
392 1578 672 1621 repugnantem
701 1572 851 1621 aliquot
879 1573 1124 1610 insidiatores
1143 1574 1322 1620 cecidere,

143 1650 262 1686 quum
288 1637 371 1685 ipse
397 1650 436 1673 se
462 1637 706 1685 praevalidus,
728 1638 812 1687 pari
833 1638 981 1674 viribus
1000 1638 1140 1684 animo,
1163 1638 1320 1675 circum-

111 1723 124 1745 5
144 1705 284 1737 ventus
309 1705 514 1738 tutaretur.
574 1701 613 1737 N
617 1702 776 1738 untiant
795 1703 836 1738 in
857 1707 983 1739 eastra
1002 1703 1130 1748 ceteri,
1152 1702 1321 1752 praeeipi-

144 1770 267 1802 tatum
303 1766 344 1802 in
377 1766 537 1802 insidias
570 1779 669 1813 csse;
704 1766 870 1803 Siccium
904 1767 1053 1816 egregie
1086 1773 1320 1816 pugnantem

110 1845 125 1868 ο
145 1830 364 1880 militesque
400 1831 583 1880 quosdam
619 1844 704 1867 cum
739 1844 784 1868 eo
817 1832 984 1867 amissos.
1063 1830 1196 1868 Primo
1231 1831 1325 1868 fides

144 1895 420 1932 nuntiantibus
440 1895 536 1941 fuit;
563 1896 733 1944 profecta
759 1895 897 1932 deinde
918 1895 1052 1931 cohors
1072 1895 1119 1932 ad
1140 1895 1324 1944 sepelien-

144 1960 222 2006 dos,
243 1960 310 2009 qui
330 1959 555 2005 ceciderant,
574 1959 879 1996 decemvirorum
901 1960 1098 2008 permissu,
1121 1965 1323 2009 postquam

145 2025 294 2062 nullum
333 2025 540 2073 spoliatum
579 2024 633 2060 ibi
675 2038 814 2073 eorpus
847 2025 1090 2073 Sicciumque
1124 2025 1163 2060 in
1199 2024 1325 2061 medio

146 2091 331 2126 iacentem
352 2092 553 2135 armatum,
576 2089 756 2125 omnibus
782 2088 822 2124 iu
844 2101 930 2124 eum
952 2089 1071 2125 versis
1091 2089 1322 2138 corporibus,

146 2154 288 2199 videre,
327 2153 494 2189 hostium
535 2166 658 2202 neque
696 2166 833 2202 corpus
877 2153 998 2189 ullum
1046 2166 1116 2190 nec
1161 2153 1325 2202 vestigia

145 2218 384 2264 abeuntium,
407 2217 576 2266 profecto
603 2217 652 2253 ab
682 2217 761 2253 suis
790 2217 1035 2253 intersectum
1068 2222 1325 2254 memorantes
