1438 2466
115 201 223 228 rou.
245 189 469 242 449-447]
560 189 728 227 LIBER
766 190 847 227 [η.
1216 191 1288 228 163

196 287 302 324 Novi
326 286 474 323 tribuni
498 286 620 335 plebis
645 285 685 322 in
709 285 932 335 cooptandis
954 285 1109 336 collegis
1133 290 1289 335 patrum
1309 284 1357 321 65

117 350 359 388 voluntatem
378 351 559 387 foverunt
570 363 581 397 3
609 351 706 387 duos
725 350 842 387 etiam
861 349 1042 399 patricios
1061 350 1291 387 consulares-

116 427 201 464 que,
224 415 285 464 Sp.
309 414 514 464 Tarpeium
534 418 574 450 et
592 414 642 450 A.
660 414 881 459 Aternium,
902 417 1137 462 cooptavere.
1194 412 1291 450 Con-
1309 428 1322 444 2

116 478 218 516 sules
247 478 366 516 creati
399 478 462 528 Sp.
495 478 736 524 Herminius,
771 478 811 515 T.
845 477 1056 527 Verginius
1090 476 1289 514 Caelimon-

116 548 242 589 tanus,
264 543 361 580 nihil
390 555 618 592 magnopere
643 543 690 579 ad
718 547 872 592 patrum
899 548 968 579 aut
992 541 1113 591 plebis
1140 555 1291 579 causam

116 607 306 654 inclinati,
327 608 450 645 otium
469 607 572 644 domi
597 620 640 644 ac
658 607 752 644 foris
777 607 956 644 habuere.
1014 606 1055 643 L.
1079 606 1292 644 Trebonius
1309 621 1324 644 3

117 672 298 709 tribunus
325 672 457 721 plebis,
487 672 650 709 infestus
677 671 863 721 patribus,
895 671 996 720 quod
1025 684 1065 708 se
1092 671 1141 708 ab
1172 671 1221 708 iis
1249 671 1291 707 in

71 735 74 738 ’
117 735 338 784 cooptandis
363 736 530 772 tribunis
556 736 690 772 fraude
713 741 868 785 captum
887 735 1160 785 proditumque
1179 748 1202 772 a
1221 736 1292 773 col-

117 799 210 848 legis
228 799 364 845 aiebat,
381 799 616 848 rogationem
636 799 739 845 tulit,
754 804 809 846 ut,
823 799 890 848 qui
910 799 1060 847 plebem
1076 799 1291 835 Romanam
1310 816 1325 839 ⁴

117 862 293 899 tribunos
311 861 414 911 plebi
433 866 595 911 rogaret,
616 862 649 898 is
668 875 789 911 usque
808 875 852 899 eo
871 866 1034 911 rogaret,
1051 861 1143 898 dum
1162 861 1292 898 decem

117 925 294 962 tribunos
318 925 420 974 plebi
445 925 612 971 faceret;
641 925 950 974 insectandisque
978 925 1164 974 patribus,
1190 925 1291 962 unde

117 991 269 1038 Aspero
309 974 424 1026 etiam
471 989 640 1026 inditum
685 995 743 1027 est
789 1002 1008 1039 cognomen,
1049 990 1291 1026 tribunatum

115 1054 242 1104 gessit.

196 1118 294 1155 Inde
315 1118 369 1155 M.
393 1118 589 1168 Geganius
611 1119 831 1156 Macerinus
850 1123 890 1156 et
909 1119 948 1156 C.
974 1117 1100 1155 Iulius
1120 1118 1293 1155 consules
1312 1134 1326 1158 ⁵

117 1182 208 1219 facti
231 1182 495 1220 contentiones
521 1183 765 1219 tribunorum
791 1183 974 1220 adversus
1039 1197 1147 1228 Uneasy
1166 1197 1294 1232 relations

116 1245 304 1282 nobilium
323 1246 566 1282 iuventutem
582 1250 693 1293 ortas,
714 1246 796 1283 sine
815 1247 973 1283 insecta-
1005 1227 1292 1294 &Shssessffficsffl'ffiffi-

118 1309 220 1346 tione
248 1310 451 1358 potestatis
479 1310 560 1346 eius
589 1314 814 1346 conservata
843 1310 973 1348 maies-
996 1290 1159 1344 ’ἓῖῗὲεἶαω
1176 1288 1292 1314 mmm

117 1377 197 1410 tate
232 1378 396 1422 patrum,
433 1373 620 1410 sedavere.
679 1373 846 1422 Plebem‚
879 1375 1030 1412 decreto
1063 1375 1110 1413 ad
1148 1376 1292 1412 bellum
1311 1389 1327 1414 ⁶

117 1437 347 1474 Volscorum
378 1442 417 1475 et
445 1437 663 1487 AEquorum
692 1439 846 1486 dilectu,
877 1441 1102 1478 sustinendo
1130 1453 1211 1478 rem
1244 1441 1292 1478 ab

114 1501 366 1538 seditionibus
385 1502 620 1549 continuere,
636 1503 781 1539 urbano
797 1503 875 1540 otio
890 1503 982 1540 foris
997 1517 1148 1554 quoque
1163 1505 1292 1541 omnia

115 1565 325 1615 tranquilla
353 1578 431 1603 esse
459 1566 704 1612 affirmantes,
736 1580 803 1616 per
831 1567 1039 1605 discordias
1069 1567 1200 1605 civiles
1232 1581 1292 1605 ex-

116 1632 244 1665 ternos
268 1628 399 1665 tollere
424 1629 581 1666 animos.
639 1629 742 1666 Cura
770 1630 873 1679 pacis
901 1631 1110 1668 concordiae
1139 1644 1290 1681 quoque
1311 1654 1324 1678 7

115 1691 308 1728 intestinae
341 1705 453 1729 causa
484 1692 570 1729 fm‘t.
630 1693 704 1729 Sed
737 1693 836 1730 alter
865 1706 1013 1743 semper
1042 1695 1135 1731 ordo
1164 1695 1292 1744 gravis

115 1756 274 1794 alterius
293 1756 486 1794 modestiae
507 1762 589 1793 erat
601 1771 612 1805 5
641 1757 852 1806 quiescenti
878 1759 980 1807 plebi
1002 1759 1050 1795 ab
1077 1759 1293 1796 iunioribus

115 1827 269 1870 patrum
295 1821 445 1858 iniuriae
469 1822 552 1858 fieri
578 1828 716 1872 coeptae.
776 1823 858 1860 Ubi
884 1824 1031 1860 tribuni
1057 1824 1203 1860 auxilio
1226 1824 1292 1860 hu-
1310 1835 1325 1860 8

116 1885 330 1922 milioribus
357 1892 493 1932 essent,
522 1886 562 1923 in
591 1887 726 1935 primis
753 1901 889 1937 parum
919 1889 1098 1938 proderat
1112 1903 1123 1936 5
1153 1888 1291 1926 deindo

116 1962 164 1986 ne
184 1950 257 1999 ipsi
279 1950 435 1999 quidem
461 1951 639 1988 inviolati
661 1957 782 1997 erant,
804 1952 938 2001 utique
964 1952 1165 2001 postremis
1188 1964 1290 1989 men-

115 2013 231 2058 sibus,
253 2025 371 2062 quum
390 2019 430 2050 et
448 2027 515 2063 per
533 2014 716 2052 coitiones
735 2016 997 2064 potentiorum
1020 2015 1163 2052 iniuria
1182 2016 1291 2052 fieret

116 2081 156 2114 et
175 2077 233 2113 vis
255 2077 454 2126 potestatis
474 2078 597 2115 omnis
617 2078 816 2128 aliquanto
834 2080 1044 2129 posteriore
1063 2079 1156 2116 anni
1182 2085 1290 2129 parte

115 2140 334 2191 languidior
354 2141 472 2180 ferme
491 2147 599 2180 esset.
649 2143 809 2192 Iamque
828 2144 936 2193 plebs
955 2144 1010 2180 ita
1029 2144 1070 2180 in
1089 2144 1291 2180 tribunatu
1309 2163 1325 2188 9

115 2217 256 2255 ponere
278 2205 426 2255 aliquid
444 2207 534 2257 spei,
556 2207 589 2243 si
613 2207 757 2245 similes
781 2208 892 2245 Icilio
911 2209 1088 2245 tribunos
1107 2207 1289 2245 haberet:

116 2269 272 2307 nomina
297 2274 451 2307 tantum
477 2284 516 2308 se
542 2271 697 2309 biennio
716 2271 904 2310 habuisse.
964 2272 1140 2310 Senior-es
1158 2276 1292 2310 contra
1312 2292 1343 2309 ιο
