1438 2466
168 129 242 166 124
687 128 837 166 LIVII
981 128 1111 181 [A.U.c.
1136 143 1344 181 303—304

163 237 256 292 ort-the
266 237 387 292 ffliCkssf
402 237 448 262 the
476 239 592 275 quam
607 238 740 274 regum
760 238 894 274 perosa
913 230 1007 271 erat,
1022 239 1071 262 ne
1090 227 1342 265 tribunicium

162 274 449 354 ἓίξίιὲῖἶὴέἐὶὲὲῖῃέἓ-
476 291 632 340 quidem
660 291 862 337 auxilium,
892 291 1117 327 cedentibus
1149 292 1192 327 in
1220 293 1344 329 vicem

92 367 140 404 35
160 359 331 413 {gggrfi’pfflssss
344 360 450 384 himself
476 356 726 406 appellationi
745 356 983 400 decemviris,
1000 357 1204 405 quaerebat.
1235 357 1343 394 Post-

242 398 263 414 is
297 390 446 415 re-t-lected.

160 420 332 475 gssssferssames
355 421 383 445 οἵ
403 421 448 445 ²1¹⁰
476 432 591 468 quam
622 431 712 455 vero
738 419 893 455 comitia
918 420 1146 456 decemviris
1168 421 1342 457 creandis

478 483 518 518 in
540 483 686 518 trinum
706 483 924 519 nundinum
944 484 1092 519 indicta
1111 488 1214 529 sunt,
1230 488 1342 521 tanta

159 547 304 584 exarsit
331 548 502 593 ambitio,
534 551 578 583 ut
607 547 794 596 primores
820 560 973 597 quoque
1003 548 1176 584 civitatis
1206 548 1340 599 (metu,

159 613 282 659 credo,
312 626 360 649 ne
386 613 487 649 tanti
511 612 699 661 possessio
725 613 888 660 imperii,
911 625 1031 649 vacuo
1061 614 1108 649 ab
1135 627 1175 650 se
1206 614 1341 650 relicto

159 678 250 723 loco,
281 677 384 713 haud
413 677 505 713 satis
540 677 666 725 dignis
696 677 862 727 pateret)
896 682 1124 726 prensarent
1153 678 1338 727 homines,

157 742 341 779 honorem
355 755 505 779 summa
516 755 587 791 ope
601 755 624 778 a
643 755 682 778 se
694 742 966 790 impugnatum
986 743 1034 778 ab
1055 756 1098 779 ea
1117 743 1238 791 plebe,
1253 756 1339 780 cum

124 826 139 849 3
156 819 233 855 qua
251 808 539 852 contenderant,
561 807 786 856 suppliciter
814 811 998 855 petentes,
1059 807 1237 843 Demissa
1261 808 1338 844 iam

156 871 197 906 in
225 871 429 907 discrimen
457 871 627 920 dignitas
655 883 700 906 ea
727 875 840 907 aetate
868 871 993 919 iisque
1012 871 1221 907 honoribus
1244 872 1338 926 actis

156 935 382 972 stimulabat
419 936 520 984 App.
562 935 777 972 Claudium.
837 935 1026 981 Nescires‚
1068 940 1198 972 utrum
1235 936 1339 972 inter

121 1017 135 1038 4
155 999 388 1036 decemviros
421 1012 471 1035 an
503 999 607 1035 inter
639 999 863 1035 candidatos
900 1012 1121 1036 numerares
1136 1013 1146 1045 3
1183 1001 1338 1049 propior

154 1065 349 1102 interdum
388 1065 555 1114 petendo
591 1078 706 1113 qua-m
745 1064 911 1113 gerendo
953 1065 1198 1113 magistratui
1239 1070 1332 1103 erat.

153 1130 363 1166 Oriminari
408 1130 625 1178 optimates,
667 1129 851 1165 extollere
892 1129 1184 1166 candidatorum
1225 1130 1335 1167 levis-

152 1195 292 1230 simum
325 1207 516 1243 quemque
548 1194 898 1243 humillimumque,
932 1194 1014 1242 ipse
1048 1195 1196 1231 medius
1233 1196 1335 1231 inter

120 1274 133 1296 5
151 1259 389 1304 tribunicios,
421 1259 591 1295 Duillios
624 1259 842 1307 Iciliosque,
875 1259 915 1294 in
949 1259 1030 1295 foro
1064 1259 1236 1306 volitare,
1266 1274 1334 1310 per

150 1324 237 1360 illos
269 1337 309 1360 se
345 1323 449 1373 plebi
481 1323 694 1368 venditare,
731 1323 849 1359 donec
883 1323 1034 1372 collegae
1067 1336 1230 1372 quoque,
1265 1325 1333 1373 qui

150 1389 261 1426 unice
279 1389 338 1425 illi
358 1388 479 1424 dediti
494 1388 650 1424 fuerant
669 1388 716 1423 ad
736 1387 776 1423 id
796 1392 961 1436 tempus,
975 1387 1168 1424 coniecere
1185 1389 1224 1424 in
1244 1402 1331 1425 eum

117 1454 288 1497 6oculos,
328 1453 524 1497 mirantes,
558 1452 652 1500 quid
689 1452 763 1487 sibi
800 1452 926 1488 vellet.
985 1452 1197 1500 Apparere,
1232 1453 1330 1489 nihil

149 1518 286 1554 sinceri
307 1530 387 1554 esse
396 1531 406 1564 3
425 1517 595 1566 profecto
610 1516 713 1552 haud
733 1516 945 1565 gratuitam
965 1516 1006 1551 in
1027 1522 1136 1552 tanta
1151 1518 1331 1566 superbia

148 1582 370 1618 comitatem
394 1581 474 1616 fore
488 1595 498 1627 ;
526 1580 691 1615 nimium
718 1579 759 1615 in
784 1579 957 1616 ordinem
985 1593 1023 1615 se
1050 1580 1174 1628 ipsum
1199 1593 1331 1629 cogere

147 1652 187 1684 et
219 1647 371 1696 vulgari
408 1659 494 1682 cum
532 1645 694 1694 privatis
727 1658 804 1681 non
835 1649 915 1680 tam
948 1646 1192 1693 properantis
1224 1646 1330 1682 abire

148 1713 374 1761 magistratu
396 1724 511 1759 quam
532 1711 633 1746 viam
654 1710 702 1746 ad
725 1709 1028 1746 continuandum
1057 1710 1327 1757 magistratum

115 1789 128 1812 7
147 1776 352 1826 quaerentis
371 1789 461 1812 esse.
504 1775 707 1824 Propalam
725 1774 876 1811 obviam
898 1774 953 1810 ire
968 1774 1171 1822 cupiditati
1192 1788 1327 1824 parum

146 1841 241 1887 ausi,
280 1839 574 1876 obsecundando
617 1839 766 1875 mollire
807 1839 995 1887 impetum
1036 1839 1323 1887 aggrediuntur.

147 1905 402 1942 Comitiorum
435 1903 494 1939 illi
523 1903 798 1947 habendorum,
831 1902 986 1951 quando
1017 1903 1200 1939 minimus
1231 1909 1325 1939 natu

113 1969 206 2013 gsit‚
243 1981 384 2004 munus
415 1979 602 2003 consensu
640 1966 859 2015 iniungunt.
918 1967 996 2001 Ars
1033 1966 1113 2002 haec
1150 1973 1243 2010 orat,
1279 1980 1327 2004 ne

145 2036 265 2066 ‚ss-mut
293 2030 374 2077 ipse
403 2041 530 2064 creare
559 2032 695 2076 posset,
721 2028 822 2075 quod
852 2032 990 2075 praetor
1019 2028 1196 2064 tribunos
1223 2029 1326 2077 plebi

147 2097 202 2142 (et
227 2094 266 2130 id
287 2094 412 2142 ipsum
439 2092 602 2141 pessimo
621 2092 812 2140 exemplo)
834 2104 946 2127 nemo
971 2104 1142 2140 unquam
1163 2092 1323 2129 fecisset.

147 2159 220 2194 Ille
247 2158 452 2203 enimvero,
475 2157 577 2205 quod
607 2157 703 2191 bene
733 2161 871 2200 vvrtat,
893 2155 1116 2191 habiturum
1146 2168 1187 2192 se
1214 2157 1326 2193 comi-

127 511 142 527 2

148 2223 202 2258 tia
231 2222 434 2270 professus,
463 2220 778 2268 ilnpmlimentum
812 2233 880 2267 pro
913 2219 1108 2254 occasione
1137 2220 1326 2268 arripnit3
