1438 2466
137 119 186 155 40
656 118 805 155 LIVII
952 116 1082 169 [A.1J.c.
1107 119 1308 154 260-261

104 230 119 255 5
136 222 304 255 tenuere.
363 217 491 253 Pavor
518 216 653 265 ingens
680 216 722 252 in
747 216 853 261 urbe,
874 219 1057 264 metuque
1082 218 1218 252 mutuo
1237 228 1315 252 sus-

136 295 255 332 pensa
291 286 402 319 erant
431 281 569 318 omnia.
626 281 777 318 Timere
813 280 949 318 relicta
985 280 1033 317 ab
1070 279 1150 317 suis
1184 279 1315 329 plebes

137 347 363 385 violentiam
396 350 578 395 patrum3
620 344 757 381 timere
793 349 920 394 patres
958 343 1120 381 residem
1150 343 1192 380 in
1221 344 1315 380 urbe

107 418 122 443 6
138 411 299 461 plebem,
320 410 469 456 incerti,
483 421 638 445 manere
658 421 741 445 eam
761 421 811 445 an
831 408 936 445 abire
955 408 1126 445 mallent.
1175 407 1316 452 Quam-

139 475 208 512 diu
235 479 365 511 autem
393 473 656 522 tranquillam,
681 485 765 522 quae
794 473 1001 518 secesserit,
1022 471 1315 509 multitudinem

140 540 239 576 fore?
266 539 360 589 quid
388 539 565 575 futurum
591 537 740 584 deinde,
760 538 793 574 si
812 537 915 586 quod
935 542 1140 574 externum
1159 536 1316 573 interim

109 620 122 643 7
140 604 285 641 bellum
310 604 498 640 exsistat‘t
553 603 714 639 Nullam
746 602 918 651 profecto
946 602 1021 639 nisi
1049 602 1091 638 111
1117 601 1318 638 concordia

142 669 284 705 civium
313 681 418 717 spem
447 667 635 717 reliquam
673 667 835 713 ducere;
874 679 958 703 eam
990 679 1060 715 per
1096 679 1216 715 aequa,
1250 678 1318 715 per

110 745 125 770 8
142 733 277 782 iniqua
313 732 633 769 reconciliandam
671 731 823 767 civitati
855 743 946 769 esse.
1009 730 1163 768 Placuit
1199 730 1320 780 igitur

143 802 334 834 oratorem
361 797 410 834 ad
442 797 593 846 plebem
623 796 728 832 mitti
757 795 981 832 Menenium
1013 796 1240 845 Agrippam,
1268 795 1320 832 fa-

144 862 313 899 cundum
348 862 475 898 virum
512 865 562 906 et,
603 860 705 909 quod
736 859 826 896 inde
864 860 1051 897 oriundus
1086 864 1179 906 erat,
1244 859 1320 896 lebi

145 940 283 964 carum.
342 926 394 973 Is,
419 925 661 962 intromissus
685 925 727 961 in
754 929 888 971 castra,
918 925 1042 973 prisco
1074 925 1141 961 illo
1169 925 1279 962 dicen

126 980 360 1029 mdo
380 991 492 1028 modo
511 990 609 1027 nihil
629 989 735 1027 aliud
754 1002 868 1038 quam
887 989 958 1026 hoc
977 1003 1151 1027 narrasse
1170 990 1318 1029 fertur:

114 1072 129 1096 9
146 1057 342 1105 Tempore,
365 1068 439 1105 quo
464 1056 506 1092 in
524 1055 679 1092 homine
697 1067 786 1100 non,
802 1058 848 1091 ut
866 1067 980 1102 nunc,
1001 1054 1130 1091 omnia
1144 1055 1186 1091 in
1201 1068 1322 1091 unum

147 1120 439 1167 consentientia,
461 1120 526 1157 sed
551 1119 714 1168 singulis
733 1118 916 1156 membris
938 1131 1050 1156 suum
1074 1119 1211 1168 cuique
1239 1132 1323 1156 con-

148 1186 288 1232 silium,
310 1198 403 1222 suus
431 1198 554 1222 sermo
582 1185 709 1231 fuerit,
739 1184 960 1234 indignatas
988 1184 1155 1233 reliquas
1182 1189 1321 1234 partes,

149 1264 218 1288 sua
237 1264 336 1296 cura,
359 1263 426 1287 suo
452 1250 581 1287 labore
603 1263 647 1286 ac
666 1249 880 1286 ministerio
898 1249 1028 1286 ventri
1046 1250 1175 1286 omnia
1193 1249 1320 1299 quaeri,

149 1319 324 1352 ventrem
337 1315 378 1351 in
390 1313 516 1351 medio
529 1314 705 1362 quietum
718 1313 817 1350 nihil
833 1314 939 1350 aliud
951 1326 1066 1362 quam
1079 1313 1179 1350 datis
1193 1314 1325 1364 volup-

102 1397 132 1414 ιο
149 1379 296 1416 tatibus
324 1377 425 1424 frui,
454 1378 690 1427 conspirasse
711 1377 812 1423 inde,
834 1390 882 1414 ne
902 1378 1324 1427 QQQ-cihum

151 1443 309 1489 ferrent,
331 1454 401 1479 nec
416 1454 456 1478 os
469 1441 658 1491 acciperet
677 1441 822 1486 datum,
843 1454 913 1478 nec
932 1442 1066 1478 dentes
1085 1442 1322 1480 conficerent.

151 1508 240 1544 Hac
259 1507 326 1552 ira,
348 1506 440 1543 dum
460 1510 634 1542 ventrem
660 1506 759 1542 fame
782 1505 936 1542 domare
962 1505 1117 1552 vellent,
1139 1506 1220 1555 ipsa
1249 1519 1327 1543 una

152 1572 323 1609 membra
342 1575 545 1620 totumque
564 1583 701 1620 corpus
719 1571 767 1607 ad
786 1575 999 1608 extremam
1017 1571 1143 1608 tabem
1164 1572 1323 1609 venisse.

106 1651 135 1668 11
154 1637 252 1673 Inde
277 1637 508 1686 apparuisse,
529 1636 677 1673 ventris
703 1649 855 1686 quoque
882 1636 986 1673 haud
1014 1649 1128 1686 segne
1156 1637 1328 1674 ministe-

153 1702 255 1738 rium
269 1714 360 1748 esse,
378 1714 448 1738 nec
462 1701 584 1750 magis
603 1701 785 1751 aliquam
805 1700 905 1736 alere
925 1712 1024 1746 eum,
1042 1699 1266 1737 reddentem
1285 1701 1328 1738 in

154 1779 284 1804 omnes
306 1766 473 1815 corporis
498 1770 627 1815 partes
651 1765 764 1813 hunc,
787 1778 862 1814 quo
882 1766 1048 1802 vivimus
1067 1766 1326 1816 vigemusque,

154 1831 322 1868 divisum
350 1832 496 1880 pariter
520 1831 560 1866 in
587 1843 704 1867 venas
729 1837 924 1867 maturum
951 1831 1123 1868 confecto
1143 1832 1227 1868 cibo
1246 1845 1329 1869 san-

106 1915 136 1932 12
154 1896 318 1945 guinem.
379 1895 644 1944 Comparando
672 1895 773 1940 hinc,
803 1908 916 1944 quam
947 1895 1133 1932 intestina
1162 1897 1330 1946 corporis

155 1961 292 1998 seditio
329 1959 466 1996 similis
507 1964 606 1996 esset
652 1959 717 1996 irae
764 1959 886 2008 plebis
926 1960 966 1996 in
1004 1964 1143 2009 patres,
1176 1960 1328 1999 flexisse

90 2025 137 2062 33
154 2029 302 2062 mentes
326 2024 536 2061 hominum.
594 2024 674 2072 Agi
698 2024 835 2061 deinde
860 2024 907 2061 (10
932 2025 1132 2061 concordia
1150 2030 1327 2074 coeptum,

155 2101 449 2138 concessumque
474 2088 513 2124 in
543 2088 794 2135 condiciones,
815 2093 861 2124 ut
880 2087 982 2137 plebi
1001 2089 1061 2125 sui
1080 2089 1330 2138 magistratus

155 2158 280 2191 essent
309 2153 548 2199 sacrosancti,
577 2152 716 2201 quibus
748 2152 885 2188 auxilii
913 2151 1007 2188 latio
1035 2152 1219 2190 adversus
1247 2167 1331 2191 con-

155 2219 256 2255 sules
275 2223 384 2264 esset,
405 2231 501 2255 neve
520 2217 581 2253 cui
607 2221 760 2266 patrum
788 2229 921 2265 capere
949 2229 1035 2253 cum
1063 2217 1330 2265 magistratum
