1438 2466
166 126 240 162 162
675 121 735 158 Ll
745 120 824 159 VJ]
1110 119 1239 171 [auc.
1263 133 1336 170 305

132 243 147 267 5
165 221 411 268 magistratus
430 217 616 255 invidiam
635 217 899 253 imminentem
916 215 1097 253 cernenti.
1129 214 1206 259 Qui
1220 228 1338 264 quum

166 298 212 321 ex
234 283 429 320 veteribus
448 283 615 319 tribunis
640 287 798 332 negaret
822 283 939 319 ullius
965 294 1003 318 se
1026 281 1216 317 rationem
1236 281 1341 318 habi-

165 352 308 393 turum,
347 352 640 396 pugnarentque
677 347 839 396 collegae‚
878 351 925 383 ut
960 346 1099 382 liberas
1135 346 1260 382 tribus
1299 345 1341 382 in

165 411 389 461 suffragium
408 411 581 447 mitteret
600 416 668 448 aut
687 411 909 448 concederet
934 415 1075 447 sortem
1099 410 1341 446 comitiorum

167 476 330 525 collegis,
370 475 559 512 habituris
601 488 621 511 e
664 476 746 524 lege
787 475 916 524 potius
953 474 1107 511 comitia
1143 486 1257 523 quam
1294 487 1342 510 ex

135 552 150 575 6
167 541 367 577 voluntate
395 544 560 589 patrum,
588 540 729 577 iniecta
756 540 1011 586 contentione,
1041 540 1224 587 Duillius,
1255 553 1341 577 con—

167 604 267 641 sules
287 603 334 640 ad
359 604 540 640 subsellia
565 604 705 641 accitos
731 618 849 654 quum
876 605 1158 654 interrogasset,
1178 605 1271 654 quid
1297 605 1344 642 de

167 667 332 704 comitiis
359 667 621 704 consularibus
658 668 699 704 in
737 669 865 705 animo
901 668 1098 714 haberent,
1128 667 1342 717 respondis-

168 738 340 783 sentque,
371 746 410 770 se
437 746 558 770 novos
585 734 758 770 consules
787 738 992 779 creaturos,
1023 737 1198 770 auctores
1225 745 1343 782 popu-

168 797 265 834 lares
292 797 493 834 sententiae
522 797 624 834 haud
653 797 848 846 popularis
878 802 1014 834 nactus
1050 797 1091 834 in
1129 796 1344 833 contionem

137 883 149 905 7
168 875 253 899 cum
282 862 330 898 iis
357 863 550 911 processit.
619 862 702 899 Ubi
730 875 849 911 quum
877 863 1050 899 consules
1083 862 1260 912 producti
1297 861 1345 898 ad

169 926 353 976 populum
373 926 685 976 interrogatique,
708 927 739 963 si
764 939 826 963 eos
852 927 1016 975 populus
1042 927 1250 970 Romanus,
1271 939 1346 962 me·

171 1005 253 1028 mor
280 991 470 1028 libertatis
498 1004 566 1040 per
594 991 680 1028 illos
708 995 868 1040 receptae
896 991 1011 1034 domi,
1033 1004 1176 1028 memor
1198 991 1346 1028 militiae

170 1069 373 1105 rerumque
398 1060 604 1105 gestarum,
626 1056 798 1092 consules
824 1056 964 1093 iterum
990 1057 1141 1102 faceret,
1164 1056 1346 1105 quidnam

138 1139 152 1162 g
170 1121 311 1157 facturi
338 1125 475 1167 essent,
497 1121 594 1157 nihil
623 1121 821 1158 sententiae
849 1134 925 1158 suae
955 1125 1179 1166 mutassent,
1206 1121 1344 1157 collau-

171 1185 271 1222 datis
316 1185 546 1231 consulibus,
592 1185 692 1234 quod
738 1190 1027 1234 perseverarent
1072 1185 1120 1221 ad
1165 1184 1345 1221 ultimum

171 1250 373 1287 dissimiles
392 1250 691 1287 decemvirorum
713 1262 804 1295 esse,
825 1250 980 1286 comitia
999 1249 1136 1286 habuit
1143 1264 1153 1296 3
1183 1254 1222 1286 et
1240 1249 1348 1299 quin-

172 1327 244 1363 que
272 1314 439 1351 tribunis
467 1313 569 1363 plebi
598 1313 745 1359 creatis,
777 1326 894 1362 quum
928 1326 1005 1362 prae
1042 1313 1180 1350 studiis
1217 1317 1347 1362 aperte

170 1380 385 1428 petentium
406 1391 542 1416 novem
563 1379 805 1415 tribunorum
826 1379 893 1415 alii
912 1379 1107 1415 candidati
1126 1379 1251 1415 tribus
1270 1391 1347 1416 non

170 1443 380 1491 explerent,
411 1443 614 1479 concilium
651 1442 808 1488 dimisit,
839 1456 908 1479 nec
940 1443 1076 1480 deinde
1105 1442 1347 1479 comitiorum

139 1528 154 1551 9
171 1521 283 1545 causa
310 1507 455 1544 habuit.
516 1507 764 1543 Satisfactum
794 1507 868 1555 legi
897 1508 1032 1553 aiebat,
1063 1520 1158 1556 quae,
1189 1520 1348 1544 numero

170 1583 358 1619 nusquam
388 1570 586 1618 praefinito,
618 1570 766 1606 tribuni
794 1571 904 1606 modo
942 1575 986 1607 ut
1024 1571 1343 1619 relinquerentur,

171 1634 334 1670 sanciret
362 1637 400 1669 et
428 1633 476 1669 ab
505 1633 561 1679 iis,
583 1633 651 1682 qui
679 1633 798 1669 creati
826 1638 962 1679 essent,
991 1634 1159 1683 cooptari
1187 1634 1349 1683 collegas

123 1721 154 1737 ιο
171 1698 338 1744 iuberet,
367 1697 628 1746 recitabatque
654 1697 864 1747 rogationis
887 1710 1049 1743 carmen,
1072 1698 1111 1733 in
1132 1710 1206 1747 quo
1226 1702 1347 1734 esset:

174 1762 398 1798 “Tribunos
425 1761 549 1811 plebei
586 1761 715 1798 decem
753 1762 916 1809 rogabo,
954 1762 986 1797 si
1014 1762 1079 1811 qui
1117 1774 1185 1798 vos
1221 1761 1349 1798 minus

173 1826 284 1862 hodie
310 1825 439 1862 decem
468 1825 644 1861 tribunos
669 1825 794 1873 plebei
820 1824 999 1869 feceritis,
1020 1830 1102 1861 tum
1130 1830 1175 1861 ut
1194 1825 1232 1871 ii,
1255 1837 1349 1873 quos

172 1889 213 1925 hi
232 1889 305 1925 sibi
325 1889 486 1938 collegas
506 1890 750 1938 cooptassint,
769 1889 931 1938 legitimi
950 1890 1080 1927 eadem
1103 1891 1184 1939 lege
1199 1889 1348 1926 tribuni

172 1953 296 2001 plebei
316 1953 394 1989 sint
413 1958 458 1989 ut
478 1953 546 1999 illi,
568 1965 663 2002 quos
682 1953 795 1990 hodie
814 1954 990 1991 tribunos
1010 1955 1134 2003 plebei
1149 1954 1348 1992 feceritis.’'

125 2038 150 2053 ιι
174 2019 344 2056 Duillius
381 2032 498 2068 quum
536 2019 584 2055 ad
622 2020 803 2055 ultimum
845 2024 1133 2068 perseverasset,
1173 2019 1348 2069 negando

173 2082 389 2131 quindecim
411 2083 587 2119 tribunos
608 2082 730 2131 plebei
750 2097 829 2119 rem
851 2084 1042 2132 publicam
1067 2083 1205 2120 habere
1232 2096 1337 2132 posse

173 2147 274 2182 victa
294 2146 521 2195 collegarum
541 2146 764 2195 cupiditate,
786 2147 930 2196 pariter
949 2147 1124 2196 patribus
1149 2147 1347 2196 plebeique

172 2214 347 2259 acceptus
367 2211 592 2259 magistratu
613 2211 717 2248 abiit.
