1438 2466
55 170 158 196 acu.
182 155 407 208 451-450]
498 155 669 192 LIBER
705 156 792 193 III.
1162 158 1234 194 125

55 255 288 304 deiectisque
324 254 467 290 honore
504 265 572 302 per
605 252 810 290 coitionem
843 254 994 290 duobus
1032 254 1234 301 Quinctiis,
1254 267 1271 292 9

57 320 276 371 Capitolino
303 324 343 356 et
375 317 618 364 Cincinnato,
649 322 688 354 et
719 322 859 367 patruo
888 331 958 355 suo
989 318 1029 355 O.
1061 318 1235 365 Claudio,

57 385 368 424 constantissimo
403 383 488 420 viro
530 383 571 419 iu
614 383 864 432 optimatium
907 397 1032 430 causa,
1071 389 1111 420 et
1152 384 1239 421 aliis

57 449 228 487 eiusdem
260 447 406 497 fastigii
441 447 602 491 civibus,
633 460 876 496 nequaquam
914 447 1117 496 splendore
1149 448 1240 485 vitae

58 526 168 563 pares
192 512 425 549 decemviros
450 515 564 557 creat,
585 524 625 548 se
650 511 692 547 in
717 511 864 560 primis,
885 511 989 560 quod
1012 511 1116 548 haud
1135 524 1242 549 secus
1260 524 1292 540 ¹0

59 577 204 613 factum
226 575 496 625 improbabant
514 574 618 621 boni,
639 587 755 624 quam
781 587 894 611 nemo
913 574 1038 612 facere
1057 588 1241 612 ausurum

60 641 284 679 crediderat.
334 639 465 678 Oreati
484 652 571 676 cum
591 652 636 676 eo
658 639 712 675 M.
729 639 932 676 Cornelius
946 639 1241 688 Maluginensis,
1262 659 1288 675 ιι

33 705 115 742 ·M.
151 705 318 754 Sergius,
350 703 392 741 L.
425 703 634 750 Minucius,
670 703 714 747 Q.
748 702 892 739 Fabius
925 703 1159 749 Vibulanus,
1195 704 1240 748 Q.

61 768 256 815 Poetelius,
295 767 336 805 T.
377 767 579 804 Antonius
618 766 818 812 Merenda,
858 767 910 803 K.
952 767 1135 814 Duillius,
1178 767 1241 816 Sp.

61 833 210 883 Oppius
230 832 431 878 Cornicen,
453 831 518 870 M’.
542 831 769 868 Rabuleius.

140 898 214 935 Ille
232 898 320 934 finis
339 897 470 947 Appio
489 897 623 934 alienae
642 909 813 946 personae
835 896 1000 934 ferendae
1020 897 1107 934 fuit.
1167 896 1245 933 Suo
1262 901 1311 938 36

61 962 138 999 iam
161 961 250 998 inde
269 962 401 998 vivere
423 961 580 1010 ingenio
598 961 714 1010 coepit
736 974 933 1010 novosque
961 982 1100 1012 complete
1108 981 1209 1011 change
1219 982 1245 1006 i„

62 1025 236 1074 collegas,
264 1025 340 1061 iam
369 1025 594 1074 priusquam
623 1025 770 1062 inirent
798 1027 933 1075 magis-
961 1013 1246 1073 {jffisfffl‘ssffi‘ffgcggj

63 1096 223 1137 tratum,
237 1091 277 1127 in
293 1103 381 1127 suos
396 1103 520 1127 mores
531 1090 707 1127 formare.
748 1090 932 1135 Quotidie
960 1081 1187 1129 iffiiavsssdssuissd
1200 1074 1246 1128 ιὶῐιίεἰ

110 1155 117 1161 .
371 1154 377 1160 .
497 1154 504 1160 .
551 1154 558 1160 .
630 1154 637 1161 .
748 1155 755 1161 .
960 1135 1045 1165 signia
1069 1135 1098 1159 of
1122 1135 1246 1159 absolute

63 1154 217 1191 cmbant
241 1158 400 1190 remotis
423 1154 581 1190 arbitris
588 1167 599 1201 3
627 1155 717 1191 inde
745 1162 931 1204 impoten-
960 1166 1054 1201 pulers.
1098 1166 1154 1220 'lrhe
1181 1165 1246 1219 εἴκω
1264 1179 1277 1195 2

66 1219 169 1256 tibus
192 1219 375 1256 instructi
397 1219 577 1264 consiliis,
598 1231 683 1268 quae
708 1223 854 1255 secreto
882 1219 930 1254 ab
958 1198 1179 1282 {33:1⁰¹{ffffleg1‘32
1182 1198 1247 1282 stikl}

63 1283 150 1319 aliis
178 1283 404 1331 coquebant,
426 1284 504 1319 iam
531 1282 635 1319 haud
655 1283 931 1319 dissimulando
960 1288 1074 1344 ffllttulttffl
1090 1288 1246 1349 goeffgffizeg

63 1347 294 1396 superbiam,
333 1348 411 1384 rari
447 1347 589 1394 aditus,
625 1348 933 1397 colloquentibus
961 1350 1247 1410 Qutssmbypiissieii‘e‘f

64 1411 247 1458 difficiles,
271 1412 320 1448 ad
343 1412 431 1448 idus
451 1411 578 1448 Maias
596 1425 679 1448 rem
705 1412 929 1461 perduxere.
961 1411 1073 1472 fffipvlieffl
1082 1411 1247 1472 hgissiisssssffi

65 1475 160 1512 Idus
207 1479 293 1513 tum
340 1476 456 1512 Maiae
502 1476 705 1513 sollemnes
754 1476 933 1512 ineundis
961 1473 1132 1497 ¹⁰³³⁸⁸²¹¹⁰¹¹¹·

65 1539 355 1589 magistratibus
374 1544 495 1576 erant.
554 1540 662 1576 Inito
682 1539 804 1589 igitur
822 1539 1051 1589 magistratu
1078 1539 1245 1588 primum

65 1603 220 1640 honoris
243 1603 343 1640 diem
363 1603 659 1640 denuntiatione
681 1603 853 1653 ingentis
876 1603 1034 1640 terroris
1056 1603 1246 1652 insignem

64 1669 196 1705 fecere.
254 1667 357 1704 Nam
383 1681 502 1717 quum
528 1669 586 1705 ita
611 1669 757 1718 priores
782 1668 991 1716 decemviri
1016 1671 1243 1715 servassent,

65 1736 110 1767 ut
128 1743 229 1767 unus
247 1730 368 1768 fasces
386 1731 546 1768 haberet
564 1735 604 1768 et
622 1731 693 1768 hoc
707 1731 859 1780 insigne
873 1731 1022 1780 regium
1041 1731 1083 1767 in
1102 1731 1243 1778 orbem,

64 1808 172 1831 suam
203 1795 386 1844 cuiusque
414 1796 549 1841 vicem,
579 1808 647 1844 per
675 1807 808 1831 omnes
836 1795 923 1841 iret,
953 1794 1082 1831 subito
1115 1807 1248 1831 omues

64 1873 152 1897 cum
177 1860 363 1896 duodenis
388 1860 554 1897 fascibus
579 1860 767 1910 prodiere.
826 1860 992 1897 Centum
1018 1859 1159 1909 viginti
1184 1859 1247 1897 lic-
1263 1879 1280 1903 ⁴

64 1930 167 1962 tores
192 1924 320 1961 forum
344 1924 602 1974 impleverant
626 1930 666 1962 et
691 1938 779 1962 cum
807 1925 974 1962 fascibus
999 1937 1150 1962 secures
1174 1925 1247 1962 illi-

63 1993 172 2038 gatas
191 1988 465 2037 praeferebant;
488 2002 558 2025 nec
577 1989 782 2026 attinuisse
801 1989 904 2025 demi
922 2002 1105 2035 securem,
1126 2001 1246 2037 quum

64 2053 146 2089 sine
165 2053 435 2102 provocatione
454 2053 573 2090 creati
592 2058 732 2099 essent,
753 2053 1122 2102 interpretabantur.
1173 2052 1246 2090 De-
1262 2073 1278 2098 5

64 2130 145 2153 cem
173 2129 306 2166 regum
334 2117 478 2166 species
505 2121 599 2161 erat,
631 2117 988 2166 multiplicatusque
1015 2121 1140 2153 terror
1167 2129 1246 2154 non

63 2182 205 2219 infimis
241 2182 376 2228 solum,
415 2183 482 2219 sed
522 2183 756 2231 primoribus
793 2189 960 2231 patrum,
999 2183 1096 2219 ratis
1131 2182 1245 2220 caedis

63 2260 214 2284 causam
248 2259 292 2283 ac
324 2246 556 2296 principium
589 2246 721 2296 quaeri,
752 2252 810 2294 ut,
843 2246 877 2283 si
912 2246 1000 2296 quis
1035 2257 1245 2284 memorem
