1438 2466
72 341 120 377 58

144 109 216 146 154
655 108 806 147 LIVII
1087 108 1219 161 [A.U.C.
1243 123 1316 160 305

139 207 246 244 iussu
275 207 523 244 tribunorum
555 206 683 243 aediles
715 205 870 242 functos
907 219 951 242 eo
988 205 1204 243 ministerio
1232 207 1319 243 scri-

140 272 243 308 bant.

220 338 260 374 C.
283 336 479 382 Claudius,
500 335 567 385 qui
595 348 752 384 perosus
780 335 1088 371 decemvirorum
1116 335 1256 371 scelera
1280 340 1320 372 et

139 430 167 453 C·
184 430 312 454 claudius
331 430 425 454 endea-
457 406 546 436 ante
565 413 697 436 omnes
715 401 847 436 fratris
866 400 936 436 filii
955 400 1141 449 superbiae
1156 400 1320 437 infestus

139 467 220 484 νοω-3
254 461 281 484 in
308 461 369 484 vain
396 463 424 484 to
547 465 553 471 '
761 466 768 472 ‘
828 482 833 488 .
911 467 917 473 “
1002 482 1007 488 .
1182 480 1186 487 .

139 492 310 520 procurem
323 492 425 516 release
459 466 665 513 Regrllum,
688 471 889 515 antiquam
908 479 949 502 111
973 471 1150 515 paulam,
1171 479 1210 502 se
1235 480 1319 503 con-

139 522 168 545 os
186 522 225 545 his
243 522 353 551 nephew
372 524 426 552 Ap<

139 552 206 582 pius.
224 553 282 576 who
303 553 426 576 commits

140 583 246 606 suicide.

457 529 612 577 tulerat,
652 531 683 565 is
721 543 859 579 magno
892 531 969 566 iam
997 534 1094 566 natu
1121 524 1241 578 quu‘m
1270 530 1319 567 ad

457 594 629 642 pericula
648 595 729 630 eius
752 595 991 643 deprecanda
1019 594 1189 641 redisset,
1211 595 1320 631 cuius

139 656 236 692 vitia
258 657 419 705 fugerat,
441 658 660 695 sordidatus
687 672 774 695 cum
801 659 1011 708 gentilibus
1039 659 1320 709 clientibusque

138 722 180 757 in
198 721 282 757 foro
300 722 508 770 prensabat
526 723 697 771 singulos
717 724 935 772 orabatque,
957 736 1005 760 ne
1026 724 1194 760 Olaudiae
1214 725 1320 772 genti

138 800 222 822 eam
249 787 419 823 inustam
448 787 635 824 maculam
664 788 820 833 vellent,
841 793 886 824 ut
914 801 1062 824 carcere
1090 793 1130 824 et
1156 789 1320 824 vinculis

140 852 365 887 viderentur
392 852 508 900 digni.
566 852 713 888 Virum
742 852 1046 888 honoratissimae
1066 852 1246 901 imaginis
1265 853 1320 888 fu-

138 921 272 953 turum
295 917 344 952 ad
369 921 552 965 posteros,
576 917 704 966 legum
730 917 889 953 latorem
910 917 1223 965 conditoremque
1243 917 1319 953 Ro-

139 981 243 1017 mani
275 981 382 1027 iuris,
417 981 539 1017 iacere
572 982 747 1017 vinctum
777 983 879 1018 inter
908 981 1012 1017 fures
1040 988 1249 1018 nocturnos
1277 994 1320 1018 ac

138 1046 316 1083 latrones.
366 1046 606 1083 Averterent
626 1047 673 1082 ab
692 1046 750 1082 ira
768 1059 976 1095 parumper
994 1046 1041 1082 ad
1062 1047 1319 1095 cognitionem

138 1111 485 1160 cogitationemque
514 1111 673 1157 animos,
695 1115 734 1147 et
761 1110 891 1159 potius
919 1123 1040 1146 unum
1069 1115 1129 1147 tot
1148 1111 1320 1148 Claudiis

138 1174 434 1224 deprecantibus
454 1174 726 1219 condonarent,
744 1187 859 1223 quam
878 1179 1035 1223 propter
1054 1174 1169 1211 unius
1188 1175 1319 1211 odium

141 1238 351 1273 multorum
370 1251 501 1287 preces
520 1243 829 1287 aspernarentur.
889 1238 937 1274 Se
957 1250 1108 1287 quoque
1127 1238 1166 1274 id
1189 1238 1319 1287 generi

137 1316 180 1339 ac
209 1303 358 1339 nomini
386 1303 476 1339 dare
499 1316 569 1339 nec
595 1316 682 1339 cum
709 1316 753 1339 eo
776 1303 817 1339 in
840 1303 1005 1351 gratiam
1028 1302 1181 1347 redisse,
1210 1303 1319 1339 cuius

137 1367 305 1404 adversae
325 1368 490 1404 fortunae
509 1368 606 1404 velit
625 1380 857 1403 succursum.
917 1367 1079 1404 Virtute
1099 1368 1318 1404 libertatem

136 1436 400 1481 recuperatam
414 1445 514 1478 csse,
536 1432 740 1468 clementia
755 1431 996 1468 concordiam
1009 1432 1188 1468 ordinum
1204 1433 1318 1469 stabi-

136 1497 199 1533 liri
217 1510 337 1546 posse.
378 1497 513 1542 Erant,
528 1510 623 1545 quos
638 1500 809 1532 moveret
825 1509 893 1532 sua
907 1496 1029 1545 magis
1042 1496 1187 1545 pietate
1201 1510 1316 1546 quam

135 1560 229 1605 eius,
251 1573 320 1609 pro
342 1574 418 1609 quo
444 1561 590 1609 agebat,
614 1573 727 1595 causa
740 1573 750 1605 ;
779 1559 844 1596 sed
864 1559 1086 1608 Verginius,
1108 1560 1166 1596 sui
1190 1561 1318 1609 potius

136 1631 181 1662 ut
200 1626 486 1671 misererentur,
509 1625 655 1670 orabat,
678 1625 853 1673 filiaeque,
876 1638 946 1660 nec
974 1625 1101 1674 gentis
1129 1625 1311 1672 Olaudiae,

134 1701 294 1737 regnum
326 1689 366 1725 in
400 1689 549 1737 plebem
581 1689 736 1733 sortitae,
769 1689 833 1725 sed
862 1689 1160 1725 necessariorum
1180 1689 1317 1738 Vergi-

133 1754 218 1798 niae‚
240 1754 359 1790 trium
388 1754 643 1798 tribunorum,
666 1767 794 1802 proces
822 1754 1012 1795 audirent,
1034 1755 1114 1802 qui,
1135 1755 1182 1791 ad
1211 1756 1317 1792 auxi-

134 1820 229 1855 lium
266 1819 389 1868 plebis
422 1819 552 1864 creati,
585 1818 659 1867 ipsi
690 1818 811 1866 plebis
840 1818 952 1854 fidem
982 1823 1099 1867 atque
1127 1820 1314 1856 auxilium

132 1884 392 1933 implorarent.
454 1884 641 1920 Iustiores
669 1883 727 1919 11ae
750 1883 915 1919 lacrimae
939 1884 1180 1921 videbantur.
1239 1885 1317 1921 Ita-

133 1961 207 1997 que
253 1961 319 1996 spe
364 1943 501 1991 incisa,
544 1947 768 1996 priusquam
817 1947 991 1995 prodicta
1037 1947 1117 1985 dies
1153 1949 1313 1994 adesset,

133 2012 288 2060 Appius
307 2015 471 2047 mortem
491 2011 563 2047 sibi
584 2011 779 2047 conscivit.

213 2075 384 2112 Subinde
428 2079 605 2123 arreptus
642 2088 665 2111 a
703 2074 744 2110 P.
788 2074 1012 2111 Numitorio
1050 2075 1112 2124 Sp.
1154 2075 1312 2124 Oppius,

132 2153 234 2184 Oppius
250 2153 272 2177 is
289 2153 416 2181 arrestari,
449 2140 650 2188 proximus
675 2139 842 2186 invidia»,
868 2139 969 2187 quod
993 2141 1031 2175 in
1058 2140 1152 2175 urbe
1175 2140 1312 2186 fuerat,

132 2191 161 2208 n<
196 2185 355 2213 :iccouiplicc
393 2185 420 2208 os
592 2203 599 2210 .
636 2203 642 2209 .
787 2203 793 2208 .
857 2203 863 2209 .
893 2203 898 2209 .
1179 2204 1185 2210 .

134 2216 245 2244 Appius.
277 2215 330 2238 and
360 2216 417 2238 niso
450 2216 570 2251 quum
590 2203 934 2238 inlustaevindiciw
954 2217 972 2238 :i
995 2203 1137 2252 collega
1149 2204 1313 2239 ‹liceren-
