1438 2466
111 163 216 191 mou.
240 152 333 203 449]
561 150 728 186 LIBER
767 149 849 186 III.
1220 148 1287 184 137

111 252 339 285 summovet.
396 246 599 282 Placidum
633 258 786 294 quoque
822 245 1022 294 ingenium
1061 250 1140 280 tam
1177 248 1289 279 atrox
1307 258 1324 281 ⁶

111 310 257 346 iniuria
284 309 529 346 accendisset.
590 309 739 344 “Ferro
768 308 858 344 hinc
886 307 960 344 tibi
988 305 1291 344 summovendus

111 387 208 417 sum,
224 374 366 423 Appi,”
387 373 526 422 inquit,
551 376 626 410 “ut
645 374 809 410 tacitum
828 372 939 420 feras,
959 371 1063 421 quod
1082 371 1199 408 celari
1218 370 1286 408 vis.

113 438 317 487 Virginem
337 451 406 487 ego
424 438 525 474 hanc
543 451 629 474 sum
645 438 832 475 ducturus
852 442 1092 487 nuptamque
1111 436 1288 486 pudicam

112 503 325 540 habiturus.
374 503 543 540 Proinde
562 516 695 540 omnes
713 504 946 553 collegarum
967 515 1119 552 quoque
1138 502 1291 539 lictores
1307 517 1319 539 7

110 582 295 615 convoca3
314 569 489 618 expediri
511 569 639 617 virgas
659 573 698 604 01
717 581 868 605 secures
888 568 977 603 iube
987 581 998 613 3
1019 580 1098 603 non
1118 565 1291 602 manebit

110 639 220 670 extra
240 633 396 670 domum
416 633 539 682 patris
557 645 696 681 sponsu
716 632 831 669 Icilii.
862 632 901 668 N
905 645 965 677 on,
983 631 1015 667 si
1035 629 1289 667 tribunicium
1306 644 1321 668 8

69 729 73 732 .
109 699 300 735 auxilium
326 704 366 735 et
390 698 702 746 provocationem
729 695 833 745 plebi
853 696 1049 740 Romanae,
1071 694 1166 730 duas
1184 706 1290 730 arces

110 762 301 799 libertatis
334 761 501 807 tuendae,
535 760 744 805 ademistis,
779 759 865 796 ideo
897 759 937 795 111
969 759 1110 795 liberos
1139 770 1291 807 quoque

110 831 261 863 nostros
279 825 534 874 coniugesque
554 837 714 873 regnum
734 828 871 860 vestrae
892 823 1046 859 libidini
1065 823 1198 859 datum
1219 826 1287 858 est.

110 890 252 926 Saevite
288 889 330 925 in
362 893 515 937 tergum
548 895 588 924 et
619 888 661 923 in
694 887 862 924 cervices
894 891 1070 934 nostras;
1103 886 1323 936 pudicitia9

109 954 245 991 saltem
271 954 313 990 in
338 959 425 990 tuto
445 953 506 990 sit.
565 952 672 989 Huic
692 952 724 989 si
744 952 803 988 vis
823 952 1017 997 afferetur,
1039 965 1107 1001 ego
1126 964 1290 1000 praesen-

109 1019 209 1055 tium
238 1017 453 1063 Quiritium
484 1030 553 1066 pro
585 1029 734 1065 sponsa,
772 1016 986 1065 Verginius
1018 1016 1187 1052 militum
1222 1028 1291 1064 pro

109 1084 224 1120 unica
242 1083 332 1129 filia,
354 1096 486 1119 omnes
511 1082 670 1118 deorum
696 1081 973 1131 hominumque
999 1082 1291 1131 implorabimus

110 1149 235 1194 fidem,
266 1161 390 1197 neque
422 1152 466 1184 tu
496 1147 602 1183 istud.
641 1159 812 1195 unquam
845 1147 1044 1183 decretum
1076 1147 1159 1183 sine
1191 1146 1291 1183 caede

109 1218 242 1251 nostra
278 1213 431 1250 referes.
495 1212 667 1256 Postulo,
706 1211 825 1260 Appi,
865 1211 983 1247 etiam
1020 1215 1136 1260 atque
1173 1211 1290 1247 etiam
1310 1226 1340 1242 10

109 1278 335 1323 consideres,
375 1290 451 1326 quo
488 1276 741 1326 progrediare.
799 1275 1013 1325 Verginius
1050 1275 1204 1321 viderit,
1243 1275 1290 1311 de
1310 1293 1336 1309 u

112 1342 200 1388 filia,
221 1341 289 1378 ubi
309 1341 472 1387 venerit,
493 1340 587 1389 quid
611 1344 720 1389 agat3
747 1340 817 1376 hoc
842 1344 998 1376 tantum
1023 1340 1131 1386 sciat,
1153 1339 1238 1385 sibi,
1258 1339 1292 1376 si

111 1406 226 1444 huius
250 1406 432 1443 vindiciis
456 1405 625 1451 cesserit,
646 1405 907 1442 condicionem
934 1405 1022 1442 filiae
1044 1404 1291 1454 quaerendam

111 1485 202 1510 esse,
261 1471 330 1508 Me
367 1471 629 1507 vindicantem
666 1482 846 1519 sponsam
882 1469 923 1505 in
956 1469 1176 1506 libertatem
1209 1469 1292 1505 vita

113 1537 228 1574 citius
246 1536 394 1574 deseret
413 1548 529 1585 quam
556 1534 684 1571 fides.''
738 1534 942 1571 concitata
969 1533 1181 1570 multitudo
1209 1536 1293 1570 erat
1308 1533 1358 1570 46

113 1606 384 1649 certamenque
413 1599 558 1635 instare
583 1598 799 1634 videbatur.
857 1597 1030 1634 Lictores
1049 1597 1203 1633 Icilium
1224 1596 1292 1633 cir-

113 1669 411 1710 cumsteterant3
439 1676 509 1700 nec
538 1662 642 1699 ultra
669 1661 795 1699 minas
823 1666 956 1699 tamen
983 1673 1200 1711 processum
1221 1666 1291 1707 est,
1310 1680 1323 1695 2

112 1741 232 1778 quum
261 1727 426 1777 Appius,
448 1739 527 1764 non
557 1726 787 1775 Verginiam
818 1726 974 1763 defendi
1003 1727 1052 1763 ab
1082 1726 1205 1772 Icilio,
1226 1725 1291 1762 sed

111 1792 329 1842 inquietum
348 1791 544 1828 hominem
564 1795 604 1827 01
622 1791 867 1827 tribunatum
886 1791 1006 1827 etiam
1026 1803 1129 1827 nunc
1148 1791 1292 1839 spiran—

110 1860 191 1892 tem
220 1855 345 1892 locum
375 1855 577 1892 seditionis
607 1866 787 1904 quaerere,
820 1854 975 1891 diceret.
1033 1853 1127 1890 Non
1159 1854 1292 1902 praebi-
1309 1871 1323 1894 3

111 1926 242 1958 turum
269 1933 309 1957 se
334 1920 392 1957 illi
418 1933 463 1957 eo
488 1920 551 1957 die
570 1919 784 1966 materiam,
805 1919 882 1966 sed,
903 1927 949 1956 ut
969 1919 1045 1955 iam
1065 1919 1191 1964 sciret,
1212 1931 1291 1955 non

110 1988 150 2024 id
169 1986 394 2037 petulantiae
423 1999 512 2031 suae,
533 1985 600 2022 sed
629 1985 818 2034 Verginio
846 1985 997 2021 absenti
1025 1989 1065 2021 et
1092 1984 1195 2032 patri
1222 1996 1289 2020 no-

110 2052 207 2088 mini
225 2057 266 2089 et
290 2051 463 2088 libertati
492 2050 638 2096 datum,
659 2051 721 2087 ius
750 2063 795 2087 eo
825 2050 886 2087 die
916 2063 957 2087 se
987 2062 1064 2086 non
1095 2049 1291 2086 dicturum

109 2127 234 2166 neque
263 2115 460 2152 decretum
490 2114 831 2164 interpositumm;
861 2126 885 2150 a
915 2113 969 2149 M.
1005 2112 1168 2149 Claudio
1197 2112 1292 2161 peti-

109 2183 253 2226 turum,
274 2184 321 2216 ut
344 2179 545 2216 decederet
570 2179 654 2215 iure
680 2191 749 2215 suo
776 2178 1042 2227 vindicarique
1062 2177 1230 2227 puellam
1249 2178 1291 2214 in

109 2250 305 2295 posterum
341 2244 441 2280 diem
475 2248 682 2293 pateretur.
743 2242 854 2287 Quod
890 2243 965 2279 nisi
997 2248 1107 2291 pater
1141 2248 1291 2291 postero
1310 2263 1323 2284 ⁴
