1438 2466
148 121 220 159 112
663 120 816 159 LIVII

961 119 1092 173 [A.U.c.
1118 124 1325 172 295—296

143 223 326 268 quartum
346 219 571 256 affectantes
589 218 846 265 tribunatum,
864 219 906 254 in
925 219 1168 255 comitiorum
1185 219 1327 268 discep-

144 283 333 321 tationem
353 284 401 320 ab
421 283 504 332 lege
523 287 719 319 certamen
736 286 969 320 averterant.
1027 283 1080 319 Et
1099 295 1219 332 quum
1238 295 1325 320 con-

145 348 245 385 sules
259 347 383 384 nihilo
398 347 529 384 minus
543 347 727 384 adversus
742 347 1077 384 continuationem
1092 347 1326 395 tribunatus,

145 424 260 461 quam
280 411 398 448 silex
422 411 642 447 minuendae
669 423 747 448 suae
773 411 989 448 maiestatis
1017 423 1132 448 causa
1159 412 1327 461 promul-

144 480 234 524 gata
263 475 442 521 ferretur,
470 475 738 522 tetendissent,
771 475 934 512 victoria
963 476 1184 514 certaminis
1213 489 1330 526 penes

144 539 322 576 tribunos
341 539 426 575 fuit.

226 603 372 641 Eodem
391 616 494 640 anno
515 602 660 652 AEquis
679 615 755 651 pax
775 607 834 640 est
853 603 1076 652 petentibus
1090 603 1190 641 data.
1233 604 1329 641 Oen-

148 710 232 735 Peace
259 708 338 733 made
368 708 430 732 with
463 680 539 712 sus,
561 679 621 703 res
640 668 767 716 priore
786 680 889 704 anno
908 668 1098 713 inchoata,
1119 668 1329 717 perficitur,

147 740 362 796 ffggssfigffisus.
380 738 432 769 117,
465 732 581 780 idque
600 731 768 768 lustrum
787 733 836 769 ab
855 733 1003 782 origine
1019 733 1125 770 urbis
1140 733 1331 770 decimum

462 798 661 835 conditum
684 798 826 834 ferunt.
885 798 1008 835 Oensa
1036 797 1176 835 civium
1205 799 1333 848 capita

101 880 129 898 ιι
148 868 303 900 centum
323 862 581 911 septendecim
601 861 725 898 millia
744 866 916 898 trecenta
931 862 1186 911 undeviginti.
1236 863 1332 900 Con-

148 930 277 966 sulum
296 939 435 976 magna
455 926 559 963 domi
578 925 747 974 bellique
771 938 815 962 eo
841 938 942 962 anno
970 926 1094 974 gloria
1121 926 1207 972 fuit,
1229 927 1332 976 quod

148 999 187 1031 et
219 993 311 1030 foris
342 1004 474 1041 pacem
507 1002 698 1039 peperere,
729 994 769 1026 et
800 989 913 1035 domi,
947 990 1021 1027 etsi
1051 1003 1129 1027 non
1163 1004 1331 1036 concors,

148 1060 276 1096 minus
295 1062 424 1094 tamen
445 1068 562 1104 quam
582 1055 677 1090 alias
696 1054 839 1091 infesta
858 1055 995 1091 civitas
1013 1055 1099 1094 fuit.

228 1124 269 1160 L.
293 1121 493 1159 Minucius
511 1120 603 1157 inde
622 1124 662 1156 et
682 1119 722 1157 O.
739 1119 912 1157 Nautius
931 1120 1107 1157 consules
1126 1121 1219 1158 facti
1238 1122 1333 1159 duas

465 1185 639 1221 residuas
658 1184 750 1220 anni
769 1184 909 1232 prioris
931 1197 1064 1221 causas
1087 1190 1329 1234 exceperunt.

466 1250 612 1286 Eodem
632 1250 745 1286 modo
765 1249 940 1286 consules
959 1249 1093 1299 legem,
1111 1251 1259 1287 tribuni
1278 1252 1334 1288 iu-

98 623 131 642 10

82 1125 131 1162 25

180 1215 238 1239 The
273 1212 402 1238 domestic

150 1246 281 1273 struggles
316 1251 362 1268 are
394 1249 434 1267 re-

150 1277 248 1303 newvd,
275 1276 325 1299 but
354 1275 434 1298 inter-

149 1307 246 1337 rupted
272 1307 306 1336 by
336 1305 433 1329 hostile

149 1339 316 1363 movements
333 1343 367 1360 on
388 1335 433 1359 the

168 1371 210 1394 art
230 1369 258 1392 of
279 1368 325 1392 the
344 1366 431 1396 AEqui.

173 1400 207 1424 he
219 1400 324 1427 Senate,
336 1398 433 1426 havmg

149 1431 177 1455 in
189 1430 249 1455 vain
262 1431 320 1454 sent
331 1436 365 1453 an
378 1435 430 1451 em⁴

121 1462 135 1485 3
150 1462 229 1491 hassy
245 1462 274 1485 to
297 1458 434 1484 Gracchus

151 1492 269 1521 Cloelius,
292 1491 382 1514 lender
409 1489 437 1512 os

151 1523 196 1547 the
214 1522 303 1550 AEqui,
323 1524 351 1545 to
373 1526 433 1551 pro—

150 1555 203 1578 test
211 1553 315 1583 against
326 1553 371 1576 the
383 1552 435 1575 xio-

151 1584 235 1609 lation
247 1584 275 1607 of
291 1583 336 1607 the
347 1584 436 1610 treaty

151 1615 180 1639 of
204 1621 291 1645 peace,
313 1613 436 1638 commis-

152 1646 210 1670 sion
222 1652 273 1669 one
285 1644 312 1669 of
321 1642 367 1668 t'hc
376 1651 436 1667 con-

151 1676 208 1701 suls
230 1677 258 1700 to
279 1674 392 1706 procecd
410 1681 436 1698 a-

152 1707 240 1735 ‹gainst
249 1706 389 1730 Gracchus
398 1712 434 1729 on

153 1738 201 1763 Mt.
237 1737 359 1766 Algidus,
391 1736 436 1759 the

153 1769 230 1793 other
242 1770 269 1792 to
282 1774 380 1794 ravage
392 1767 437 1790 the

465 1315 608 1351 dicium
635 1315 682 1351 de
708 1314 865 1351 Volscio
890 1314 1152 1363 impediebant
1166 1330 1175 1362 3
1204 1317 1269 1353 sed
1293 1317 1333 1353 in

466 1378 720 1428 quaestoribus
731 1379 842 1415 novis
854 1379 977 1416 maior
989 1379 1059 1425 vis,
1073 1381 1195 1417 maior
1207 1386 1334 1418 aucto-

467 1444 563 1480 ritas
582 1447 674 1480 erat.
725 1442 820 1479 Cum
843 1442 896 1479 M.
914 1443 1074 1480 Valerio
1095 1444 1222 1482 Manii
1242 1446 1332 1493 filio,

468 1507 603 1543 Volesi
623 1511 771 1556 nepote,
789 1513 955 1556 quaestor
973 1513 1057 1545 erat
1070 1509 1109 1544 T.
1129 1509 1334 1554 Quinctius

470 1571 722 1620 Capitolinus,
752 1571 819 1620 qui
848 1576 907 1608 ter
934 1572 1066 1608 consul
1095 1573 1230 1610 fuerat.
1280 1574 1332 1621 Is,

468 1636 651 1684 quoniam
681 1649 804 1685 neque
834 1636 1023 1680 Quinctiae
1050 1636 1206 1673 familiae
1230 1638 1334 1675 Oaeso

470 1715 592 1750 neque
611 1702 666 1737 rei
686 1702 848 1750 publicae
867 1702 1060 1738 maximus
1075 1702 1259 1739 iuvenum
1275 1716 1332 1740 re-

471 1766 581 1802 stitui
601 1770 738 1814 posset,
754 1765 893 1802 falsum
915 1770 1063 1812 testem,
1079 1767 1147 1815 qui
1166 1767 1335 1805 dicendae

155 1798 364 1829 :Equianlands
381 1797 437 1821 The

154 1830 275 1854 tribunes
305 1835 351 1853 are
378 1834 438 1857 pro-

153 1861 261 1887 medina
269 1867 317 1883 sm»
328 1866 398 1883 more
410 1860 437 1882 to

129 1921 134 1940 ι
153 1890 313 1922 imp⁰d⁰²¹¹⁰
326 1891 393 1920 ’Ἢ
469 1897 571 1932 iusto
590 1909 723 1949 acm
736 1895 836 1931 bello
855 1895 1166 1943 persequebatur.
1207 1895 1334 1940 Quum

155 1961 366 2010 Verginius
394 1961 561 1997 maxime
589 1972 637 1995 ex
666 1959 835 1995 tribunis
863 1959 909 1995 de
938 1959 1020 2007 lege
1052 1965 1194 2008 ageret,
1215 1960 1335 1997 duum

470 1844 592 1868 causae
637 1831 796 1868 innoxio
839 1834 1069 1879 potestatem
1118 1831 1334 1878 ademisset,

156 2038 331 2062 mensum
369 2024 536 2074 spatium
575 2023 796 2061 consulibus
834 2022 967 2058 datum
1006 2026 1065 2059 est
1101 2022 1148 2059 ad
1185 2023 1335 2072 inspici-

155 2089 294 2127 endam
326 2088 460 2138 legem,
493 2092 548 2134 ut,
581 2100 699 2137 quum
738 2086 978 2123 edocuissent
1016 2085 1210 2135 populum,
1243 2087 1334 2136 quid

154 2152 302 2189 fraudis
334 2152 492 2189 occultae
525 2152 699 2196 ferretur,
732 2150 903 2186 sinerent
936 2149 1073 2185 deinde
1110 2149 1334 2198 suffragium

155 2216 262 2252 inire.
322 2214 410 2251 Hoc
437 2213 635 2250 intervalli
666 2213 799 2249 datum
829 2225 887 2247 res
916 2211 1144 2260 tranquillas
1170 2211 1212 2247 in
1241 2213 1335 2249 urbe
