1438 2466
132 143 235 170 ⁴men.
261 130 484 183 501—499]
590 131 759 168 LIBER
794 131 851 169 II.
1266 133 1311 169 23

132 228 232 278 erat)
276 228 318 264 in
363 227 537 264 animum
583 227 841 264 induxissent.
902 227 1053 264 Bellum
1102 228 1289 265 indictum
1304 244 1314 277 3

132 293 259 330 tacitae
278 293 440 329 indutiae
455 292 630 342 quietum
650 304 798 328 annum
817 296 986 329 tenuere.

213 357 398 394 Consules
417 356 496 394 Ser.
519 356 725 406 Sulpicius,
748 356 817 394 M’.
840 356 1015 404 Tullius;
1043 357 1140 393 nihil
1155 357 1313 406 dignum
1336 355 1381 391 19

135 421 319 459 memoria
348 425 476 458 actum
491 435 501 468 ;
528 420 569 457 Τ.
602 420 792 457 AEbutius
819 420 959 457 deinde
984 425 1023 457 et
1058 438 1226 463 mmmm
1252 439 1315 463 nat-

134 486 175 524 Ο.
199 486 397 524 Vetusius.
451 485 528 522 His
547 485 768 521 consulibus
787 484 942 521 Fidenae
961 485 1024 521 ob·
1052 469 1143 526 33³1ss
1151 470 1315 529 slssfflcssffi
1335 501 1347 517 2

133 563 255 596 sessus,
286 549 554 587 Crustumeria
583 552 720 598 capta3
752 548 948 585 Praeneste
975 548 1022 585 ab
1055 530 1316 585 Rffiiul’ffffil'ass‘l

1055 591 1115 620 lius,
1128 591 1252 615 Valerius
1263 592 1315 615 and

135 613 289 650 Latinis
316 613 365 649 ad
393 611 591 649 Romanos
619 611 792 656 descivit,
822 624 890 648 nec
919 611 1024 648 ultra
1055 621 1316 676 {ffifflffiff‘uffiss

107 710 111 713 .
135 678 279 715 bellum
301 677 498 723 Latinum,
511 677 676 727 gliscens
693 677 771 713 iam
791 689 859 725 per
873 676 1022 725 aliquot
1054 682 1249 737 ψέᾒήυῐέιξιιξῧ
1261 684 1320 737 Msss

135 756 266 787 annos,
307 742 480 778 dilatum.
539 742 588 778 A„
629 740 853 777 Postumius
904 740 1021 777 dicta-
1052 743 1150 768 innius.
1337 749 1350 772 3

136 812 207 853 tor,
247 807 289 844 T.
330 806 520 842 AEbutius
557 805 743 855 magister
785 805 973 854 equitum,
1013 806 1162 854 magnis
1200 805 1318 854 copiis

135 873 310 922 peditum
344 871 598 921 equitumque
623 871 797 920 profecti,
825 871 873 907 ad
898 871 1023 907 lacum
1051 870 1248 919 Regillum
1277 871 1318 906 in

134 949 227 985 agro
252 935 471 972 Tusculano
497 934 643 984 agmini
670 934 842 970 hostium
870 938 1130 980 occurrerunt,
1161 938 1200 970 et
1227 934 1319 983 quia
1337 951 1350 972 ⁴

135 1000 364 1049 Tarquinios
393 1011 475 1036 esse
510 999 551 1034 in
581 998 756 1035 exercitu
785 998 1014 1035 Latinorum
1041 999 1220 1035 auditum
1247 1003 1316 1043 est,

135 1063 319 1101 sustineri
348 1063 407 1099 ira
434 1076 513 1099 non
541 1063 681 1112 potuit,
708 1063 804 1112 quin
832 1063 1027 1112 extemplo
1055 1063 1314 1112 confligerent.

137 1129 239 1179 Ergo
272 1129 391 1165 etiam
423 1127 602 1177 proelium
635 1127 836 1176 aliquanto
864 1140 979 1176 quam
1008 1132 1136 1165 cetera
1162 1128 1319 1177 gravius
1339 1147 1352 1168 5

135 1198 252 1244 atque
283 1193 452 1230 atrocius
481 1192 569 1229 fuit.
627 1192 720 1229 Non
749 1193 852 1229 enim
886 1193 1002 1229 duces
1031 1193 1078 1229 ad
1110 1192 1317 1242 regendam

135 1259 248 1296 modo
266 1258 426 1296 consilio
445 1270 526 1294 rem
546 1258 704 1303 affuere,
725 1257 792 1295 scd
812 1257 973 1295 suismet
993 1258 1068 1307 ipsi
1095 1259 1317 1308 corporibus

135 1325 364 1362 dimicantes
375 1324 563 1360 miscuere
575 1324 801 1370 certamina,
815 1336 885 1361 nec
899 1325 1103 1374 quisquam
1117 1337 1316 1374 procerum

136 1390 257 1428 ferme
275 1390 346 1426 hac
364 1394 434 1426 aut
454 1388 523 1425 illa
541 1401 588 1424 cx
609 1388 689 1425 acic
708 1389 791 1425 sine
811 1389 971 1425 vulnere
997 1394 1137 1438 praetcr
1159 1389 1319 1426 dictato-

136 1467 217 1491 rem
238 1453 458 1490 Romanum
478 1452 651 1489 excessit.
710 1452 761 1488 In
780 1452 1025 1489 Postumium
1046 1453 1172 1502 prima
1186 1454 1225 1489 in
1241 1453 1320 1490 acic
1338 1465 1354 1487 6

136 1531 226 1555 suos
257 1517 531 1554 adhortantem
560 1516 897 1566 instruentemque
925 1517 1157 1566 Tarquinius
1185 1517 1320 1567 Super-

138 1584 219 1629 bus,
251 1595 472 1631 quanquam
505 1581 583 1619 iam
621 1587 736 1619 aetate
772 1587 813 1619 et
850 1582 998 1619 viribus
1035 1587 1119 1619 crat
1154 1584 1318 1632 gravior,

136 1660 278 1697 equum
308 1647 474 1683 infestus
501 1646 670 1691 admisit,
697 1647 876 1695 ictusque
904 1647 952 1683 ab
984 1647 1103 1684 latere
1133 1660 1319 1684 concursu

137 1725 294 1749 suorum
313 1716 491 1761 receptus
509 1712 551 1748 in
570 1716 703 1748 tutum
729 1717 797 1750 est.
857 1712 910 1749 Et
937 1712 985 1749 ad
1011 1713 1176 1749 alterum
1203 1726 1318 1749 cornu
1339 1729 1352 1752 7

140 1776 327 1827 Asslputius
358 1775 542 1824 magister
573 1777 750 1824 equitum
781 1776 823 1812 in
853 1775 1062 1813 Octavium
1098 1777 1319 1814 Mamilium

134 1831 325 1889 'impetum
363 1839 547 1886 ‹lederat3
589 1852 659 1876 nec
692 1839 832 1876 fefellit
864 1840 1024 1877 veniens
1060 1840 1320 1878 Tusculanum

137 1904 285 1948 ducem,
305 1907 516 1952 contraque
541 1907 581 1939 et
609 1903 675 1940 ille
706 1904 876 1940 concitat
908 1917 1062 1953 equum.
1119 1905 1321 1956 Tantaque
1340 1920 1353 1943 s

139 1968 199 2005 vis
242 1967 394 2004 infestis
439 1967 679 2004 venientium
727 1968 848 2005 hastis
894 1968 983 2014 fuit,
1030 1974 1075 2005 ut
1120 1969 1319 2006 brachium

139 2032 305 2069 AEbutio
347 2031 553 2068 traiectum
591 2032 655 2078 sit,
695 2032 874 2070 Mamilio
910 2038 1042 2082 pectus
1088 2046 1319 2082 percussum.

140 2097 260 2133 Hunc
297 2096 451 2146 quidem
481 2096 523 2132 in
553 2096 759 2134 secundam
797 2098 916 2134 aciem
952 2097 1085 2134 Latini
1123 2111 1295 2148 recepere
1312 2114 1321 2147 ;
1340 2128 1355 2146 s,

141 2164 330 2201 AEbutius
349 2177 469 2212 quum
489 2165 619 2202 saucio
638 2166 796 2202 brachio
809 2171 939 2202 tenere
955 2167 1074 2203 telum
1091 2180 1169 2204 non
1182 2173 1321 2216 posset,

141 2241 271 2278 pugna
289 2229 464 2266 excessit.
525 2230 687 2266 Latinus
706 2231 785 2265 ‹lux
808 2230 902 2266 nihil
930 2231 1138 2268 deterritus
1162 2232 1322 2269 vulnere
1343 2260 1374 2277 ,0
