1438 2466
146 130 249 158 mn„
272 118 366 172 480]
601 119 774 157 LIBER
810 121 868 157 JJ.
1272 125 1320 163 57

145 230 373 266 successum,
401 231 481 255 non
507 218 692 267 patribus,
723 231 801 255 non
828 218 1073 265 consulibus;
1103 223 1264 256 externa
1283 225 1322 257 et

145 284 355 321 domestica
373 283 462 321 odia
489 287 635 320 certare
662 283 705 319 in
731 283 883 320 animis.
940 283 1110 320 Tandem
1138 290 1321 333 superant
1338 298 1354 322 ⁶

145 353 327 396 externa;
354 348 448 385 adeo
476 348 639 397 superbe
665 348 952 398 insolenterque
979 349 1102 386 hostis
1130 349 1317 387 eludebat.

146 412 384 462 Frequentes
412 412 454 449 in
486 412 710 462 praetorium
743 413 1006 459 conveniunt3
1039 418 1203 462 poscunt
1230 426 1321 462 pug-

145 488 247 523 nam,
269 475 477 525 postulant,
499 478 547 512 ut
565 475 719 524 signum
739 475 862 514 detur.
919 476 1106 513 Consules
1132 477 1238 513 velut
1261 477 1322 513 de·
1339 488 1353 511 7

146 539 391 577 liberabundi
409 539 536 589 capita
555 539 770 589 conferunt,
795 540 863 576 diu
889 541 1173 590 colloquuntur.
1222 541 1321 591 Pug-

146 617 238 641 nare
257 604 475 654 cupiebant,
498 604 563 641 sed
582 609 686 641 retro
714 606 929 641 revocanda
955 610 996 642 et
1020 606 1195 643 abdenda
1220 607 1322 656 cupi-

84 715 88 718 ·
146 671 246 708 ditas
264 676 359 718 erat,
380 675 426 708 ut
443 671 682 708 adversando
703 672 1005 721 remorandoque
1025 673 1186 710 incitato
1206 673 1321 710 semel

147 734 265 771 militi
291 734 478 772 adderent
505 735 704 784 impetum.
762 735 958 772 Redditur
985 748 1220 784 responsum,
1250 735 1319 772 im·
1337 742 1352 766 8

146 804 339 836 maturam
359 812 440 836 rem
460 800 523 849 agi
538 812 548 845 3
576 799 750 836 nondum
769 804 922 849 tempus
946 812 1083 850 pugnae
1112 813 1193 837 esse
1209 814 1220 847 ;
1247 813 1321 838 cas-

146 864 218 901 tris
236 876 276 900 se
294 868 482 903 tenerent.
541 864 713 901 Edicunt
732 864 832 910 inde,
855 869 900 901 ut
918 865 1141 901 abstineant
1165 878 1295 914 pugna
1312 879 1320 902 τ

146 929 180 966 31
198 929 286 978 quis
303 929 453 965 iniussu
473 929 715 979 pugnaverit,
737 933 782 965 ut
801 929 841 965 in
862 929 1011 965 hostem
1035 929 1321 966 animadversu-

147 1006 219 1031 ros.
276 993 340 1030 Ita
367 993 544 1040 dimissis,
567 1007 642 1043 quo
668 994 798 1030 minus
823 994 995 1031 consules
1017 993 1116 1031 velle
1145 995 1318 1042 credunt,
1336 1006 1352 1031 9

146 1057 282 1094 crescit
317 1057 431 1094 ardor
467 1057 676 1107 pugnandi.
736 1058 969 1095 Accendant
1003 1058 1162 1107 insuper
1193 1057 1321 1095 hostes

146 1120 311 1158 ferocius
329 1122 465 1167 multo,
488 1126 531 1159 ut
549 1123 729 1159 statuisse
747 1135 825 1159 11011
846 1134 1017 1171 pugnare
1036 1121 1210 1158 consules
1235 1134 1314 1171 cog-

147 1185 274 1222 nitum
294 1190 352 1222 est
371 1199 378 1222 :
406 1185 550 1235 quippe
569 1187 727 1235 impune
746 1199 786 1222 se
805 1186 1083 1234 insultaturos3
1111 1197 1189 1221 non
1218 1185 1320 1222 credi
1338 1201 1370 1218 ιο

148 1250 265 1287 militi
292 1263 400 1287 arma
415 1264 426 1297 3
454 1264 533 1287 rem
564 1251 613 1287 ad
640 1251 822 1287 ultimum
851 1251 1053 1288 seditionis
1080 1255 1318 1299 erupturam,

147 1315 339 1364 finemque
358 1315 508 1351 venisse
531 1314 708 1352 Romano
734 1315 906 1365 imperio.
965 1315 1044 1352 His
1070 1315 1162 1351 freti
1189 1327 1318 1352 occur-

146 1384 235 1417 sant
264 1379 397 1429 portis‚
427 1379 611 1429 ingerunt
640 1380 808 1429 probra3
847 1392 947 1429 aegre
984 1380 1193 1425 abstinent,
1224 1380 1320 1429 quin

146 1449 271 1481 castra
289 1448 524 1494 oppugnent.
582 1444 793 1481 Enimvero
812 1457 891 1481 non
914 1444 1019 1480 ultra
1047 1443 1319 1481 contumeliam
1338 1458 1364 1475 ιι

146 1509 228 1558 pati
248 1508 448 1544 Romanus
466 1520 574 1558 posse
587 1521 597 1554 ;
626 1508 719 1544 totis
738 1508 874 1545 castris
894 1508 1064 1557 undique
1083 1508 1131 1545 ad
1147 1508 1319 1545 consules

146 1572 315 1609 curritur
330 1587 340 1620 ς
367 1584 446 1608 11011
472 1572 550 1608 iam
578 1572 731 1620 sensim,
751 1578 797 1608 ut
824 1577 925 1618 ante,
953 1585 1023 1621 per
1050 1573 1318 1609 centurionum

146 1637 335 1686 principes
366 1636 577 1685 postulant,
617 1636 683 1673 sed
726 1636 864 1686 passim
913 1649 1045 1673 omnes
1089 1636 1320 1673 clamoribus

145 1705 277 1750 agunt.
336 1699 496 1736 Matura
514 1712 575 1737 res
594 1704 704 1747 erat3
731 1701 1039 1750 tergiversantur
1057 1704 1198 1737 tamen.
1247 1699 1318 1736 Fa·
1338 1715 1366 1731 12

145 1765 233 1801 bius
251 1763 400 1810 deinde,
421 1763 471 1800 ad
495 1769 727 1801 crescentem
753 1764 967 1801 tumultum
992 1765 1068 1801 iam
1093 1769 1200 1801 metu
1225 1765 1320 1801 sedi-

145 1829 264 1866 tionis
300 1828 444 1877 collega
480 1828 722 1874 concedente,
761 1841 881 1878 quum
919 1829 1117 1865 silentium
1163 1828 1320 1866 classico

147 1892 323 1930 fecisset:
353 1895 374 1912 “
388 1892 470 1941 Ego
498 1891 603 1937 istos,
634 1890 701 1928 Cn.
734 1891 873 1937 Manli,
902 1903 1011 1940 posse
1039 1891 1191 1927 vincere
1219 1891 1296 1928 scio
1309 1904 1320 1937 ;

147 1956 245 1993 velle
270 1968 318 1993 ne
345 1955 491 2002 scirem,
512 1955 587 2004 ipsi
614 1955 800 1992 fecerunt.
859 1955 998 2004 Itaque
1026 1959 1175 1991 certum
1203 1959 1320 2004 atque
1338 1969 1368 1993 ¹³

147 2020 343 2058 decretum
361 2023 420 2056 est
437 2032 516 2056 non
534 2019 625 2056 dare
644 2019 808 2069 signum,
830 2018 906 2055 nisi
926 2019 1089 2055 victores
1114 2031 1153 2055 se
1178 2019 1321 2056 reditu-

147 2097 209 2122 ros
228 2097 276 2121 ex
295 2083 366 2121 hac
384 2096 516 2133 pugna
533 2083 675 2121 iurant.
734 2082 939 2120 Consulem
966 2082 1186 2119 Romanum
1213 2083 1322 2120 miles

146 2147 264 2186 semel
283 2147 325 2184 in
343 2147 424 2184 acie
445 2147 603 2184 fefellit:
629 2147 719 2184 deos
737 2159 937 2195 nunquam
949 2145 1094 2183 fallet.'’
1137 2145 1323 2184 Centurio

147 2218 232 2249 erat
258 2212 312 2249 M.
344 2211 576 2257 Flavoleius,
606 2210 710 2246 inter
737 2210 924 2258 primores
951 2221 1088 2258 pugnae
1116 2208 1318 2258 flagitator.
