1438 2466
162 131 237 168 108
677 130 827 168 LIVII
1109 130 1240 183 [A.u.c.
1265 145 1337 182 295

159 230 208 265 ab
222 230 317 266 urbe
332 230 546 266 exercitum
564 230 772 266 educerent
784 243 794 276 3
823 230 864 266 in
879 231 973 279 reliq
980 244 1071 267 uum
1088 231 1340 280 magistratus

159 294 378 330 continuari
397 298 438 330 et
456 294 607 330 eosdem
631 294 809 331 tribunos
835 295 951 341 refici,
972 295 1142 332 iudicare
1161 300 1339 332 senatum

127 379 141 401 3
159 360 292 392 contra
314 368 394 392 rem
421 355 613 404 publicam
642 368 733 392 esse.
792 356 977 393 Consules
997 356 1104 393 fuere
1122 357 1165 392 in
1183 362 1338 406 patrum

159 424 375 469 potestate,
410 420 560 456 tribuni
597 420 898 457 reclamantibus
935 420 1156 457 consulibus
1192 420 1336 458 refecti.

160 484 295 520 Patres
327 496 490 532 quoque,
530 496 580 520 ne
612 484 706 532 quid
743 485 923 521 cederent
955 485 1068 534 plebi,
1108 490 1148 521 et
1184 485 1258 534 ipsi
1291 485 1335 523 L.

159 547 386 592 Quinctium
424 548 617 583 consulem
654 549 888 587 reficiebant.
951 549 1074 585 Nulla
1110 553 1194 586 toto
1233 561 1335 585 anno

125 634 139 656 4
160 613 424 649 vehementior
442 612 542 648 actio
562 613 729 649 consulis
749 613 834 650 fuit.
896 618 917 634 “
932 613 1086 649 Mirer''
1112 613 1252 662 inquit,
1276 613 1339 650 “si

161 690 259 714 vana
293 683 433 723 vestra,
466 681 594 725 patres
623 678 841 726 conscripti,
872 678 1082 714 auctoritas
1109 678 1159 714 ad
1187 678 1336 726 plebem

162 744 247 779 est?
301 743 382 779 Vos
413 743 574 779 elevatis
612 756 718 790 eam,
743 744 894 792 quippe,
928 744 1020 793 quia
1046 743 1154 792 plebs
1181 747 1338 779 senatus

155 806 376 842 consultum
396 807 669 843 continuandis
693 807 986 855 magistratibus
1005 807 1132 853 solvit,
1154 807 1228 856 ipsi
1247 819 1337 856 quo-

124 892 138 915 5
157 883 231 919 que
249 870 420 907 solutum
439 871 571 917 vultis,
593 884 641 907 ne
660 873 872 908 temeritati
897 873 1160 909 multitudinis
1179 873 1334 919 cedatis,

156 939 340 983 tanquam
360 935 400 971 id
419 935 469 971 sit
488 935 576 984 plus
601 949 710 984 posse
736 937 779 972 in
798 937 966 983 civitate,
988 938 1074 986 plus
1094 937 1266 974 levitatis
1292 950 1337 974 ac

154 1000 317 1037 licentiae
336 1000 486 1037 habere.
544 1001 688 1037 Levius
707 1002 810 1037 enim
836 1002 1050 1050 vaniusque
1074 1002 1246 1050 profecto
1274 1006 1334 1038 est

122 1080 138 1104 6
155 1078 224 1101 sua
243 1065 395 1101 decreta
414 1070 453 1101 et
471 1065 647 1101 consulta
670 1066 805 1102 tollere
829 1079 943 1114 quam
969 1066 1142 1102 aliorum.
1203 1066 1336 1103 Imita-

156 1129 264 1175 mini,
295 1133 425 1177 patres
447 1129 664 1178 conscripti,
696 1130 850 1166 turbam
884 1130 1154 1175 inconsultam,
1189 1133 1238 1172 et,
1267 1130 1335 1178 qui

156 1193 331 1242 exemplo
363 1193 449 1229 aliis
483 1206 564 1230 esse
595 1193 753 1239 debetis,
785 1194 948 1230 aliorum
978 1194 1153 1243 exemplo
1183 1197 1335 1243 peccate

156 1257 296 1305 potius,
330 1269 447 1305 quam
480 1256 546 1292 alii
576 1260 707 1293 vestro
739 1262 842 1293 recte
874 1257 1031 1302 faciant,
1061 1257 1153 1293 dum
1186 1270 1255 1306 ego
1287 1270 1335 1293 ne

156 1323 285 1359 imiter
304 1322 482 1358 tribunos
501 1335 572 1358 nec
590 1335 652 1358 me
677 1326 811 1358 contra
839 1327 994 1359 senatus
1014 1323 1232 1359 consultum
1251 1334 1335 1358 con—

121 1408 135 1430 7
155 1388 277 1425 sulem
316 1387 532 1424 renuntiati
571 1387 706 1436 patiar.
764 1387 818 1423 Te
856 1400 959 1432 vero,
999 1387 1039 1424 C.
1081 1386 1230 1431 Claudi,
1269 1386 1333 1423 ad-

155 1452 301 1497 hortor,
334 1456 379 1487 ut
412 1456 451 1487 et
481 1451 563 1499 ipse
596 1450 781 1500 populum
816 1451 1036 1487 Romanum
1070 1450 1141 1486 hac
1178 1450 1336 1486 licentia

155 1529 285 1553 arceas
314 1521 353 1552 ot
386 1516 432 1552 de
466 1528 526 1551 me
557 1516 627 1552 hoc
657 1515 731 1552 tibi
761 1515 1000 1564 persuadeas,
1030 1527 1092 1550 me
1123 1514 1179 1550 ita
1209 1527 1335 1561 accep-

156 1585 299 1626 turum,
333 1584 378 1616 ut
405 1592 484 1615 non
512 1580 696 1616 honorem
727 1592 854 1615 meum
885 1592 907 1615 a
934 1583 973 1615 te
1003 1578 1244 1626 impeditum,
1269 1577 1334 1614 sed

155 1645 316 1694 gloriam
350 1644 471 1692 spreti
499 1644 656 1680 honoris
684 1649 835 1680 auctam
870 1643 1144 1692 invidiamque,
1175 1655 1260 1691 quae
1286 1655 1332 1678 ex

123 1720 138 1744 8
156 1709 381 1746 continuato
419 1721 462 1744 eo
501 1708 750 1756 impenderet,
790 1708 956 1744 levatam
996 1707 1165 1756 putem.'’
1220 1706 1332 1743 Com-

157 1773 326 1810 muniter
343 1771 434 1808 inde
453 1771 621 1817 edicunt,
643 1784 691 1808 ne
718 1772 804 1821 quis
825 1771 867 1807 L.
891 1771 1119 1816 Quinctium
1139 1769 1334 1806 consulem

156 1838 321 1884 faceret,
350 1836 382 1872 si
402 1837 488 1885 quis
509 1836 671 1881 fecisset,
695 1849 734 1872 se
755 1836 793 1871 id
820 1836 1044 1883 suffragium
1066 1848 1143 1871 non
1163 1835 1336 1871 observa-

88 1904 136 1940 22
156 1906 273 1938 turos.
324 1900 508 1936 Consules
535 1900 654 1936 creati
683 1900 728 1944 Q.
758 1900 901 1936 Fabius
926 1900 1148 1936 Vibulanus
1176 1899 1334 1936 tertium

155 1968 195 2000 ct
215 1964 257 2000 L.
280 1963 483 1999 Cornelius
505 1962 798 2011 Maluginensis.
850 1962 995 1999 Census
1015 1967 1123 1998 actus
1148 1974 1193 1998 eo
1215 1974 1336 2004 annm

156 2031 320 2066 lustrum
342 2031 500 2075 propter
520 2026 753 2075 Capitolium
774 2031 942 2074 captum,
958 2026 1153 2062 consulem
1172 2025 1337 2062 occisum

156 2089 268 2128 condi
290 2089 512 2137 religiosum
533 2088 619 2123 fuit.

236 2153 280 2197 Q.
316 2152 446 2196 Fabio,
479 2152 520 2187 L.
554 2151 734 2188 Cornelio
767 2151 989 2187 consulibus
1025 2149 1213 2200 principio
1246 2150 1337 2186 anni

155 2219 286 2257 statim
319 2231 378 2253 res
404 2217 647 2254 turbulentae.
708 2216 955 2266 Instigabant
983 2216 1132 2265 plebem
1162 2215 1311 2253 tribuni
1325 2228 1337 2262 3

123 2181 136 2198 2
