1438 2466
100 139 204 165 A.011.
230 127 456 180 469—468]
554 127 723 164 LIBER
760 128 818 165 II.
1230 129 1278 166 79

99 223 254 273 agmine
287 224 526 274 transgressi,
562 237 682 274 quum
715 224 834 261 caedes
862 230 902 261 et
930 225 1108 261 incendia
1137 225 1278 262 circum

99 287 295 324 Anienem
332 287 477 324 flumen
514 288 703 334 fecissent,
744 301 767 324 a
809 292 920 337 porta
966 301 1083 337 prope
1130 288 1280 324 Collina

99 352 367 402 moenibusque
394 352 495 401 pulsi
523 352 700 401 ingentes
730 356 860 388 tamen
893 352 1041 401 praedas
1077 351 1277 388 hominum

99 429 357 466 pecorumque
393 429 512 465 egere.
592 415 697 460 Quos
743 415 931 452 Servilius
977 415 1109 453 consul
1139 415 1279 452 infesto
1297 427 1310 449 ⁴

99 481 273 519 exercitu
298 481 466 518 insectus
493 481 619 529 ipsum
645 479 802 529 quidem
821 492 958 529 agmen
976 479 1138 529 adipisci
1160 479 1280 529 aequis

100 546 193 584 locis
224 559 303 583 non
332 546 470 596 potuit,
503 545 792 595 populationem
820 545 915 583 adeo
943 546 1062 583 effuse
1094 545 1200 591 fecit,
1234 549 1278 582 ut

101 610 200 646 nihil
230 610 330 647 bello
360 610 552 647 intactum
583 609 821 659 relinqueret
853 609 1138 658 multiplicique
1166 613 1279 658 capta

101 674 229 724 praeda
247 674 399 711 rediret.

71 729 74 732 ¹
181 739 235 776 Et
269 739 311 775 in
348 738 501 775 Volscis
538 750 599 775 res
636 738 790 787 publica
827 737 978 788 egregie
1014 742 1123 788 gesta
1159 750 1278 788 quum
1298 753 1313 777 s

101 801 220 847 ducis,
259 806 343 838 tum
380 802 550 838 militum
588 814 712 851 opera.
789 801 966 839 Primum
1003 815 1111 851 aequo
1148 814 1280 851 campo

102 865 221 915 signis
266 865 416 902 collatis
461 869 688 914 pugnatum,
736 865 886 914 ingenti
932 865 1032 902 caede
1082 864 1277 914 utrinque,

101 928 269 979 plurimo
297 929 484 979 sanguine
497 943 508 976 5
541 933 581 966 et
609 928 789 975 Romani,
820 929 912 978 quia
940 929 1112 978 paucitas
1139 928 1285 976 damno
1298 942 1314 966 6

101 993 303 1038 sentiendo
328 993 482 1043 propior
502 998 595 1039 erat,
615 993 778 1042 gradum
798 993 1052 1039 rettulissent,
1074 993 1115 1029 ni
1135 993 1279 1030 salubri

102 1057 302 1094 mendacio
327 1057 474 1103 consul,
494 1055 629 1106 fugere
654 1056 783 1093 hostes
807 1056 855 1092 ab
874 1068 994 1093 cornu
1013 1056 1134 1093 altero
1154 1055 1280 1092 clami-

36 1118 44 1125 ”
101 1128 202 1168 tanS,
223 1121 452 1159 concitasset
471 1121 599 1158 aciem.
659 1121 815 1171 Impetu
833 1121 947 1167 facto,
968 1121 1059 1158 dum
1081 1133 1119 1158 se
1138 1124 1281 1170 putant

103 1188 267 1234 vincere,
297 1187 431 1225 vicere.
490 1187 634 1225 Consul
662 1191 849 1232 metuens,
880 1199 929 1223 ne
957 1187 1073 1224 nimis
1100 1185 1281 1223 instando
1299 1201 1313 1225 7

103 1257 308 1290 renovaret
345 1257 550 1298 certamen,
589 1251 742 1301 signum
780 1251 951 1301 receptui
983 1251 1099 1289 dedit.
1158 1251 1282 1288 Inter·
1300 1261 1315 1285 8

103 1329 249 1355 cessere
293 1317 407 1367 pauci
452 1317 545 1363 dies,
583 1316 693 1353 velut
729 1315 858 1353 tacitis
895 1315 1059 1353 indutiis
1099 1315 1282 1365 utrinque

104 1382 233 1432 quiete
261 1386 426 1431 sumpta,
449 1394 517 1430 per
544 1393 639 1430 quos
667 1381 804 1430 ingens
823 1381 882 1418 vis
910 1380 1111 1417 hominum
1134 1393 1184 1417 ex
1203 1393 1281 1418 om-

104 1447 219 1484 nibus
239 1446 393 1484 Volscis
419 1446 639 1496 AEquisque
663 1445 816 1495 populis
834 1445 876 1482 in
896 1449 1020 1482 castra
1039 1445 1159 1492 venit,
1179 1444 1283 1482 haud

104 1511 299 1557 dubitans,
321 1512 354 1548 si
380 1511 583 1557 senserint,
605 1511 803 1548 Romanos
827 1515 940 1548 nocte
963 1511 1145 1548 abituros
1205 1510 1283 1547 Ita
1301 1526 1317 1550 9

105 1589 179 1626 que
206 1576 324 1614 tertia
347 1576 427 1613 fere
452 1576 586 1625 vigilia
611 1576 658 1612 ad
684 1581 809 1612 castra
827 1575 1088 1624 oppugnanda
1106 1576 1280 1613 veniunt.

106 1640 325 1686 Quinctius,
345 1640 477 1677 sedato
505 1640 689 1687 tumultu,
712 1652 826 1689 quem
857 1643 980 1676 terror
1007 1639 1159 1676 subitus
1186 1641 1284 1676 exci—

107 1690 230 1749 verat,
265 1717 385 1753 quum
423 1716 578 1740 manere
615 1704 657 1740 in
694 1703 874 1740 tentoriis
911 1703 1087 1753 quietum
1120 1703 1283 1740 militem

106 1768 290 1814 iussisset,
322 1767 584 1804 Hernicorum
613 1766 810 1804 cohortem
838 1766 880 1803 in
907 1766 1115 1803 stationem
1141 1766 1283 1812 educit,
1305 1787 1336 1804 ,ο

107 1831 318 1870 cornicines
337 1831 604 1880 tubicinesque
623 1830 664 1867 in
684 1843 802 1880 equos
821 1829 1021 1879 impositos
1040 1842 1176 1867 canere
1195 1835 1286 1868 ante

107 1896 254 1934 vallum
283 1896 393 1933 iubet
421 1895 705 1945 sollicitumque
737 1894 885 1932 hostem
914 1894 962 1931 ad
990 1894 1114 1930 lucem
1141 1898 1282 1933 tenere.

109 1960 320 2009 Reliquum
358 1960 480 1996 noctis
515 1959 610 1996 adeo
646 1958 861 2008 tranquilla
897 1957 1027 1995 omnia
1071 1957 1113 1993 in
1150 1957 1286 1994 castris
1308 1977 1333 1994 ιι

108 2024 228 2070 fuere,
250 2029 295 2061 ut
313 2024 438 2062 somni
457 2037 609 2074 quoque
629 2024 818 2061 Romanis
837 2023 947 2072 copia
965 2028 1075 2059 esset.
1125 2021 1287 2060 Volscos

108 2088 252 2138 species
289 2092 525 2125 armatorum
558 2088 746 2137 peditum,
779 2100 874 2136 quos
904 2092 943 2123 et
980 2086 1111 2135 plures
1139 2099 1220 2123 esse
1248 2091 1288 2124 et

109 2152 306 2190 Romanos
342 2152 545 2200 putabant,
582 2152 759 2189 fremitus
796 2151 1050 2200 hinnitusque
1087 2162 1284 2199 equorum,

109 2216 177 2267 qui
195 2221 236 2254 et
253 2216 405 2253 insueto
424 2215 580 2253 sedente
599 2216 728 2265 equite
748 2219 788 2252 et
806 2215 965 2264 insuper
983 2227 1095 2251 aures
1115 2214 1287 2263 agitante
