1438 2466
112 163 215 189 A.cn.
239 151 332 202 449]
557 151 725 188 LIBER
765 151 846 187 ΙΙΙ.
1217 151 1289 187 139

112 261 198 286 cum
219 249 368 298 ingenti
387 249 636 286 advocatione
655 248 695 284 iu
715 250 840 285 forum
860 248 1026 284 deducit.
1077 248 1290 286 Circumire
1310 262 1323 277 2

112 313 165 350 ibi
187 318 226 350 et
245 325 426 362 prensare
444 313 619 350 homines
638 313 755 362 coepit
776 317 816 349 et
835 325 913 349 non
933 325 1041 350 orare
1061 312 1185 349 solum
1206 325 1289 362 pre-

111 376 252 413 cariam
285 390 405 426 opem,
438 377 505 413 sed
539 389 607 425 pro
640 376 771 413 debita
799 381 954 425 petere:
991 390 1030 413 se
1062 389 1130 425 pro
1162 375 1290 413 liberis

111 453 241 477 eorum
263 454 306 477 ac
331 440 558 490 coniugibus
583 440 757 489 quotidie
777 441 818 476 in
838 440 920 477 acie
939 444 1051 486 stare,
1073 452 1143 476 nec
1168 439 1288 476 alium

114 505 238 541 virum
273 517 364 550 esse,
392 505 501 542 cuius
530 509 684 541 strenue
717 518 760 541 ac
791 505 968 541 ferociter
999 504 1102 541 facta
1128 505 1168 541 in
1190 504 1291 541 bello

111 569 222 617 plura
252 569 455 605 memorari
486 573 663 617 possont3
694 569 786 617 quid
816 569 1005 618 prodesse,
1039 569 1072 605 si
1105 568 1289 604 incolumi

112 634 215 680 urbe,
255 647 338 683 quae
371 638 483 683 capta
513 634 652 670 ultima
682 634 906 680 timcantur,
943 633 1074 670 liberis
1103 633 1183 670 suis
1211 632 1290 669 sint

77 720 80 723 -
111 699 322 748 patienda?
387 699 481 734 Hauc
519 711 636 747 prope
679 698 1017 734 contionabundus
1061 696 1290 734 circumibat

111 763 292 799 homines.
329 762 481 799 Similia
500 763 560 799 his
579 763 626 799 ab
648 763 758 799 Icilio
777 763 1033 799 iactabantur.
1072 762 1289 799 Comitatus
1306 775 1321 798 3

110 828 308 864 muliebris
338 827 424 876 plus
453 828 573 864 tacito
603 827 694 864 fletu
725 840 839 876 quam
875 827 956 863 ulla
986 840 1062 864 vox
1096 827 1285 865 movebat.

111 892 310 929 Adversus
338 904 422 940 quae
451 891 578 928 omnia
605 891 799 928 obstinato
825 891 956 928 animo
981 891 1134 940 Appius
1161 890 1289 941 (tanta
1306 911 1317 932 4

109 955 168 992 vis
187 955 366 992 amentiae
388 955 518 992 verius
544 968 658 1004 quam
686 955 828 992 amoris
857 959 1025 991 mentem
1047 955 1286 1007 turbaverat)

107 1020 148 1056 in
167 1019 339 1055 tribunal
361 1019 544 1064 escendit,
567 1023 617 1065 et,
639 1019 743 1067 ultro
762 1023 948 1069 querente
967 1031 1089 1067 pauca
1108 1018 1282 1067 petitore,

107 1083 210 1133 quod
231 1083 291 1120 ius
310 1083 381 1120 sibi
404 1083 527 1132 pridie
547 1096 615 1132 per
634 1075 1056 1120 a‘nibitioneiifdictum
1078 1095 1155 1119 non
1175 1087 1286 1129 esset,

107 1149 331 1198 priusquam
351 1153 421 1185 aut
441 1149 506 1185 ille
532 1150 770 1198 postulatum
794 1153 992 1198 perageret
1011 1154 1079 1185 aut
1098 1149 1288 1198 Verginio

107 1213 363 1263 respondendi
383 1213 542 1250 daretur
567 1214 683 1262 locus,
704 1214 861 1263 Appius
880 1213 1101 1250 interfatur.
1162 1213 1284 1258 Quem
1306 1230 1318 1251 5

106 1277 260 1315 decreto
282 1291 494 1315 sermonem
516 1278 777 1326 prietenderit,
800 1277 930 1314 forsan
953 1277 1120 1327 aliquem
1151 1290 1284 1315 verum

107 1345 283 1378 auctores
308 1341 459 1390 antiqui
489 1340 723 1377 tradiderint
736 1355 745 1387 ;
774 1341 866 1390 quia
887 1353 1077 1390 nusquam
1098 1341 1221 1377 ullum
1245 1341 1285 1377 in

106 1407 217 1440 tanta
239 1403 414 1440 foeditate
439 1403 582 1440 decreti
607 1403 690 1440 veri
715 1403 879 1440 similem
905 1403 1074 1449 invenio,
1101 1403 1152 1449 id,
1183 1403 1286 1453 quod

105 1471 267 1514 constat,
299 1467 445 1503 nudum
476 1467 632 1503 videtur
664 1467 969 1516 proponendum,
1003 1467 1174 1504 decresse
1204 1467 1284 1503 vin-

104 1530 224 1567 dicias
260 1530 470 1567 secundum
510 1530 750 1567 servitutem.
811 1531 944 1568 Primo
982 1535 1117 1580 stupor
1153 1541 1318 1568 omnesfi

104 1594 361 1631 admiratione
395 1595 449 1630 rei
482 1600 560 1631 tam
600 1595 740 1631 atrocis
769 1595 929 1641 defixit;
967 1595 1166 1631 silentium
1195 1594 1285 1630 inde

104 1658 344 1707 aliquamdiu
364 1659 502 1696 tenuit.
561 1658 676 1704 Dein,
698 1671 816 1707 quum
834 1658 890 1696 M.
907 1658 1103 1704 Claudius,
1125 1658 1284 1694 circum-

104 1722 297 1758 stantibus
340 1722 537 1767 matronis,
577 1722 652 1758 iret
693 1722 743 1758 ad
781 1722 1042 1771 prendendam
1081 1721 1283 1771 virginem,

105 1787 442 1836 lamentabilisque
462 1800 548 1823 eum
570 1787 776 1824 mulierum
793 1787 1045 1836 comploratio
1060 1786 1284 1836 excepisset,

106 1852 327 1900 Verginius,
353 1851 556 1888 intentans
581 1851 622 1888 in
648 1851 824 1900 Appium
851 1863 998 1897 manus,
1026 1850 1198 1887 “Icilio''
1230 1850 1285 1886 in-
1303 1874 1316 1898 7

104 1915 200 1965 quit,
235 1915 384 1963 “Appi,
412 1928 490 1951 non
523 1915 595 1951 tibi
617 1914 737 1951 filiam
764 1914 949 1964 despondi
979 1918 1019 1951 et
1044 1914 1092 1950 ad
1115 1914 1282 1963 nuptias,

106 1992 182 2016 non
202 1979 251 2015 ad
279 1983 457 2027 stuprum
487 1978 659 2015 educavi.
718 1978 853 2015 Placet
880 1978 1070 2027 pecudum
1099 1978 1282 2014 ferarum-

104 2057 178 2093 que
206 2043 285 2080 ritu
315 2043 529 2092 promiscue
555 2043 596 2079 in
623 2042 851 2080 concubitus
884 2043 1022 2079 ruere?
1077 2041 1284 2080 Passurine

104 2108 184 2145 haec
202 2108 269 2145 isti
288 2109 378 2155 sint,
399 2109 545 2156 nesci03
573 2121 650 2145 non
671 2121 782 2158 spero
801 2121 882 2146 esse
901 2121 1080 2158 passuros
1098 2108 1196 2156 illos,
1217 2109 1284 2158 qui

104 2184 212 2207 arma
244 2171 422 2208 habent.''
478 2171 606 2216 Quum
638 2171 890 2221 repelleretur
927 2176 1093 2209 assertor
1122 2172 1317 2222 virginisg

104 2249 127 2271 a
163 2235 275 2284 globo
312 2235 518 2272 mulierum
553 2236 964 2285 circumstantiumque
998 2237 1283 2284 advocatorum,
