1438 2466
109 126 215 152 aon.
237 112 462 165 479—478]
564 113 734 150 LIBER
771 113 827 149 II.
1233 116 1283 152 63

106 211 246 258 animo,
277 211 355 248 alia
385 209 540 259 publica
576 208 837 246 sollicitudine
876 210 1056 256 excitata,
1089 211 1219 247 favore
1243 216 1284 247 et

105 274 361 311 admiratione
390 277 560 323 stupens.
617 272 683 309 Ire
717 272 848 319 fortes,
886 273 944 310 ire
976 273 1106 311 felices
1132 274 1280 321 iubent,
1300 291 1316 314 ⁶

104 340 270 389 inceptis
299 343 462 376 eventus
493 350 604 386 pares
634 337 818 384 reddere,
858 337 1082 375 consulatus
1118 339 1209 376 inde
1238 353 1281 376 ac

104 402 333 452 triumphos,
379 401 510 439 omnia
554 402 711 451 praemia
756 402 806 438 ab
851 414 902 448 se,
941 414 1073 439 omnes
1118 402 1282 439 honores

103 480 266 517 sperare.
341 466 675 504 Praetereuntibus
722 466 956 514 Capitolium
994 478 1195 515 arcemque
1241 471 1280 503 et
1299 482 1312 505 7

101 531 180 568 alia.
207 532 359 581 templa,
379 530 566 580 quicquid
593 530 753 568 deorum
781 531 912 578 oculis,
936 531 1120 581 quicquid
1147 533 1279 568 auimo

101 597 278 643 occurrit,
319 601 538 646 precantur,
576 601 622 632 ut
658 596 757 632 illud
794 609 931 645 agmen
962 597 1132 633 faustum
1161 601 1278 645 atque

68 705 72 708 ν
100 661 198 698 felix
227 662 401 706 mittant,
430 661 593 711 sospites
620 661 730 698 brevi
757 661 799 697 in
826 661 994 710 patriam
1022 661 1071 698 ad
1098 667 1278 710 parentes

99 727 318 764 restituant.
392 727 594 764 Incassum
631 726 755 764 missae
792 739 931 775 prece-⁹3.
1008 727 1162 763 Infelici
1199 727 1275 774 via,
1296 741 1309 765 e

99 789 237 827 dextro
258 790 348 827 iano
370 795 490 840 portae
516 790 784 836 Carmentalis,
805 790 970 839 profecti
988 791 1038 827 ad
1059 790 1276 828 Cremeram

99 854 243 891 flumen
271 855 515 904 perveniunt.
573 855 615 892 Is
642 859 884 904 opportunus
909 855 1016 892 visus
1043 855 1151 892 loeus
1178 867 1275 892 com-

97 919 308 956 muniendo
327 919 513 969 praesidio.

176 984 217 1021 L.
259 984 446 1021 AEmilius
482 984 573 1021 inde
606 988 646 1022 et
678 983 718 1022 C.
750 983 938 1021 Servilius
967 983 1142 1020 consules
1170 983 1271 1021 facti.
1292 1001 1308 1025 9

96 1047 149 1084 Et
176 1047 297 1084 donec
320 1047 420 1084 nihil
445 1047 552 1084 aliud
574 1059 690 1096 quam
711 1047 752 1083 in
771 1046 1088 1095 populationibus
1107 1059 1166 1083 res
1185 1047 1270 1093 fuit,

93 1123 172 1147 non
200 1111 248 1148 ad
275 1111 493 1161 praesidium
524 1111 638 1148 modo
662 1110 874 1147 tutandum
898 1110 1010 1147 Fabii
1035 1110 1128 1147 satis
1147 1115 1269 1157 erant,

93 1175 161 1213 sed
193 1181 277 1214 tota
309 1177 474 1226 regione,
508 1189 585 1225 qua
611 1175 760 1212 Tuscus
787 1188 878 1224 ager
906 1174 1084 1212 Romano
1109 1174 1269 1221 adjacet,

92 1252 162 1276 sua
182 1244 269 1277 tuta
287 1240 427 1287 omnia,
448 1239 593 1277 infesta
614 1239 797 1286 hostium,
819 1243 1004 1287 vagantes
1027 1251 1095 1288 per
1120 1244 1269 1275 utrum-

91 1317 167 1354 que
202 1305 329 1351 finem,
369 1305 501 1342 fecere.
570 1303 831 1341 Intervallum
867 1303 1007 1340 deinde
1036 1303 1139 1341 haud
1172 1317 1272 1354 mag·
1289 1324 1320 1341 ιο

91 1379 185 1404 num
213 1367 528 1417 populationibus
556 1366 645 1413 fuit,
668 1367 760 1404 dum
789 1372 828 1404 et
855 1367 1052 1413 Veientes,
1074 1367 1195 1404 accito
1222 1380 1271 1404 ex

91 1431 252 1469 Etruria
280 1432 464 1478 exercitu,
496 1432 718 1482 praesidium
748 1432 936 1469 Cremerae
973 1437 1209 1482 oppugnant,
1231 1437 1271 1469 et

90 1495 276 1533 Romanae
313 1495 482 1546 legiones
519 1496 568 1532 ab
607 1495 649 1532 L.
691 1495 854 1533 AEmilio
891 1496 1046 1533 consule
1092 1496 1268 1533 adductae

89 1560 263 1597 cominus
290 1573 377 1597 cum
406 1560 583 1597 Etruscis
610 1560 800 1597 dimicant
826 1560 907 1597 acie
921 1574 931 1607 ;
959 1573 1179 1610 quanquam
1199 1561 1267 1598 vix

89 1624 280 1674 dirigendi
307 1625 427 1662 aciem
455 1624 625 1674 spatium
646 1625 879 1662 Veientibus
906 1624 983 1662 fuit
996 1638 1006 1671 ;
1039 1625 1135 1662 adeo
1162 1625 1266 1662 inter
1287 1643 1312 1659 u

89 1689 252 1738 primam
284 1689 595 1739 trepidationem,
628 1690 721 1726 dum
752 1694 838 1739 post
870 1689 980 1739 signa
1018 1690 1173 1727 ordines
1210 1691 1265 1727 in-

87 1759 245 1792 troeunt
272 1754 518 1803 subsidiaque
546 1753 686 1801 locant,
716 1753 872 1791 invecta
899 1754 1030 1791 subito
1063 1755 1112 1791 ab
1142 1755 1264 1792 latere

88 1819 267 1856 Romana
297 1818 474 1868 equitum
506 1818 568 1854 ala
603 1830 682 1854 non
714 1830 851 1867 pugnae
884 1818 998 1855 modo
1023 1818 1261 1868 incipiendae,

86 1883 152 1920 sed
177 1882 412 1919 consistendi
434 1881 580 1919 ademit
602 1881 740 1919 locum.
796 1882 863 1919 Ita
881 1882 958 1919 fusi
978 1887 1081 1919 retro
1100 1882 1150 1919 ad
1170 1896 1263 1920 saxa
1280 1900 1311 1917 η

86 1947 224 1985 Rubra
249 1946 320 1997 (ibi
342 1951 468 1984 castra
489 1946 712 1997 habebant),
737 1959 869 1996 pacem
896 1947 1088 1996 supplices
1107 1952 1258 1997 petunt.

86 2012 207 2050 Cuius
233 2011 459 2060 impetratae,
489 2011 538 2047 ab
565 2011 684 2048 insita
711 2011 852 2048 animis
879 2011 1051 2057 levitate,
1081 2015 1172 2049 ante
1200 2012 1261 2050 de·

83 2075 244 2112 ductum
262 2074 440 2112 Cremera
458 2074 679 2111 Romanum
699 2074 922 2123 praesidium
942 2075 1132 2124 paem'tuit.

163 2141 316 2178 Rursus
342 2152 430 2176 cum
452 2139 585 2176 Fabiis
609 2143 693 2176 erat
711 2139 871 2176 Veienti
896 2139 1051 2189 populo,
1071 2139 1155 2177 sine
1177 2140 1257 2179 ullo
1277 2142 1325 2181 50

83 2206 239 2246 maioris
267 2205 359 2242 belli
391 2208 593 2253 apparatu,
626 2208 820 2240 certamen
832 2216 843 2250 ς
885 2216 955 2240 nec
985 2207 1096 2240 erant
1127 2203 1254 2242 incur·
