1438 2466
146 132 168 167 2
660 134 807 170 LIVII
1093 134 1223 186 [A.U.c.
1251 148 1322 185 ²45

112 244 127 268 7
224 227 436 265 Libertatis
447 233 579 265 autem
592 229 778 278 originem
793 229 884 266 inde
898 230 1030 279 magis,
1047 231 1140 280 quja
1151 245 1324 269 annuum

143 291 349 340 imperium
364 293 563 329 consulare
578 293 724 329 factum
740 297 809 338 est,
826 306 940 342 quam
960 294 1063 342 quod
1082 294 1324 332 deminutum

111 371 125 395 3
143 356 347 405 quicquam
386 357 439 393 sit
475 370 524 394 ex
557 357 662 406 regia
700 361 900 406 potestate,
935 371 1124 395 numeres.
1184 359 1326 396 Omnia

143 420 239 467 iura,
263 421 393 457 omnia
412 421 580 470 insignia
597 421 714 470 primi
733 422 908 458 consules
933 427 1092 459 tenuere
1101 436 1111 469 5
1142 423 1181 459 id
1212 425 1325 461 modo

143 489 298 521 cautum
331 490 400 531 est,
430 499 489 530 ne,
521 486 554 521 si
583 487 696 522 ambo
726 486 846 522 fasces
875 487 1073 533 haberent,
1106 488 1325 536 duplicatus

144 554 268 586 terror
306 550 512 586 videretur.
572 551 719 586 Brutus
760 551 874 599 prior,
908 552 1138 587 concedente
1168 552 1322 602 collega,

142 614 262 649 fasces
282 613 419 649 habuit
432 627 442 659 ;
473 614 540 662 qui
570 627 649 650 non
668 614 791 650 acrior
810 614 954 651 vindex
974 615 1165 652 libertatis
1184 615 1323 663 fuerat,

111 696 126 720 9
143 689 259 725 quam
291 676 429 713 deinde
459 681 586 713 custos
616 678 700 715 fuit.
760 677 945 714 Omnium
973 679 1139 727 primum
1166 679 1324 716 avidum

143 753 251 776 novae
271 740 464 776 libertatis
484 741 682 789 populum,
699 754 748 777 ne
768 742 1011 790 postmodum
1027 742 1130 778 flecti
1149 743 1326 792 precibus

143 809 213 840 aut
241 805 352 840 donis
380 805 495 853 regiis
524 809 661 854 posset,
683 805 767 841 iure
786 806 949 842 iurando
968 806 1109 855 adegit,
1130 807 1324 843 neminem

98 893 127 909 ιο
146 869 279 905 Romae
299 883 478 918 passuros
497 882 666 918 regnare.
726 870 890 916 Deinde,
913 883 989 919 quo
1015 871 1102 919 plus
1122 871 1262 908 virium
1284 873 1324 908 in

144 938 281 968 senatu
309 933 529 982 frequentia
556 933 672 969 etiam
699 934 846 970 ordinis
865 934 1019 980 faceret,
1041 935 1206 971 caedibus
1226 937 1326 984 regis

144 998 387 1034 deminutum
426 1003 582 1047 patrum
620 1011 824 1035 numerum
866 999 1100 1047 primoribus
1136 999 1326 1047 equestris

99 1083 125 1098 ιι
143 1063 284 1111 gradus
310 1062 419 1098 lectis
444 1063 492 1099 ad
511 1067 773 1099 trecentorum
792 1076 981 1099 summam
1001 1062 1183 1111 explevit,
1206 1064 1325 1100 tradi-

147 1131 308 1175 tumque
340 1127 430 1163 inde
464 1127 598 1172 fertur,
630 1131 676 1162 ut
705 1127 747 1163 in
777 1132 954 1163 senatum
984 1130 1227 1173 vocarentur,
1259 1128 1325 1176 qui

144 1195 274 1240 patres
300 1191 442 1240 quique
470 1191 678 1239 conscripti
707 1195 850 1236 essent;
879 1191 1125 1240 conscriptos,
1147 1191 1327 1229 videlicet

145 1269 289 1292 novum
311 1259 500 1301 senatum,
522 1255 767 1304 appellabant
787 1255 913 1292 lectos,
972 1255 1020 1292 Id
1046 1257 1188 1292 mirum
1208 1269 1327 1305 quan·

145 1324 229 1356 tum
249 1319 396 1369 profuit
414 1319 463 1355 ad
489 1319 731 1355 concordiam
754 1319 926 1356 civitatis
950 1319 1239 1369 iungendosque
1264 1333 1327 1370 pa-

104 1388 126 1424 2
145 1385 270 1420 tribus
288 1383 409 1433 plebis
429 1384 586 1420 animos.
630 1383 774 1419 Rerum
797 1383 934 1420 deinde
954 1384 1174 1420 divinarum
1194 1385 1327 1421 habita

145 1462 382 1518 ᾒέιέζιᾶιειξοονηῶῧτ
436 1461 544 1494 cura;
573 1452 612 1483 et
641 1448 731 1497 quia
758 1448 931 1496 quaedam
960 1448 1114 1497 publica
1133 1461 1239 1485 sacra
1258 1462 1327 1498 per

145 1523 380 1579 Οιέῧξξῗιᾞξηὲῃᾛ(
436 1513 538 1561 ipsos
557 1525 663 1561 reges
683 1511 862 1548 factitata
889 1516 1013 1557 erant,
1034 1513 1171 1548 necubi
1191 1525 1324 1561 regum

236 1563 243 1579 l

145 1586 316 1610 banishment
352 1587 381 1610 of
436 1577 668 1614 desiderium
723 1581 831 1623 esset,
889 1590 1014 1625 regem
1071 1577 1325 1614 sacrificulum

114 1674 128 1690 2
145 1616 327 1678 ffirztffinoigm
437 1644 577 1677 creant.
637 1638 683 1675 Id
718 1638 972 1675 sacerdotium
1002 1639 1175 1689 pontifici
1203 1641 1327 1678 subie-

145 1718 240 1752 cere,
262 1718 311 1742 ne
340 1705 495 1742 additus
523 1703 671 1740 nomini
700 1703 819 1739 honos
847 1703 994 1752 aliquid
1015 1704 1196 1750 libertati,
1218 1705 1328 1741 cuius

145 1773 240 1806 tunc
265 1769 390 1826 prima
420 1772 503 1805 erat
533 1781 634 1814 cura,
660 1767 836 1804 officeret.
894 1767 955 1803 Ac
981 1768 1108 1804 nescio
1134 1781 1184 1804 an
1211 1769 1327 1806 nimis

146 1835 317 1883 undique
330 1848 411 1871 eam
426 1834 672 1883 minimisque
685 1832 797 1868 rebus
810 1832 1018 1868 muniendo
1031 1833 1186 1869 modum
1202 1846 1326 1870 exces-

116 1898 276 1937 sserint.
361 1898 538 1935 Consulis
574 1898 676 1934 enim
721 1898 891 1941 alterius,
929 1909 1048 1944 quum
1086 1896 1184 1933 nihil
1221 1897 1327 1934 aliud

146 1963 366 2007 offenderet,
388 1976 527 1999 nomen
548 1963 716 1999 invisum
746 1962 897 1999 civitati
925 1961 1017 1998 fuit:
1046 1961 1208 1998 nimium
1238 1961 1327 1999 Tar-

147 2027 301 2076 quinios
339 2039 457 2076 regno
493 2039 690 2073 assucssffl
738 2026 894 2062 initium
933 2038 956 2061 a
994 2024 1126 2061 Prisco
1162 2024 1326 2071 factum;

147 2104 325 2139 regnasse
344 2091 434 2127 dein
453 2091 532 2129 Ser.
554 2090 744 2136 Tullium;
764 2103 812 2126 ne
831 2089 1038 2126 intervallo
1052 2089 1205 2137 quidem
1228 2091 1326 2127 facto

147 2155 323 2199 oblitum,
345 2158 542 2202 tamquam
563 2154 690 2198 alieni,
709 2153 816 2202 regni
836 2153 1051 2201 Superbum
1072 2152 1324 2201 Tarquinium

148 2219 256 2255 velut
275 2219 526 2255 hereditatem
547 2218 672 2264 gentis
691 2218 830 2254 scolere
849 2231 892 2254 ac
922 2217 958 2252 vi
989 2217 1170 2265 repetisse
1178 2231 1188 2264 ;
1216 2217 1326 2267 pulso
