1438 2466
102 171 207 198 mcu.
230 158 324 212 449]
543 159 714 195 LIBER
750 159 835 196 III.
1204 160 1274 197 141

102 273 202 306 nem,
223 272 267 296 ea
286 259 481 309 pudicitiae
499 258 658 308 praemia
677 259 783 295 esse?
811 262 950 303 cetera,
978 270 1062 305 quae
1081 257 1123 293 in
1141 257 1212 293 tali
1238 270 1278 293 re

103 323 303 360 muliebris
329 323 447 368 dolor,
468 335 544 371 quo
570 325 629 359 est
657 322 825 358 maestior
851 320 1043 357 imbecillo
1067 320 1208 366 animo,
1235 333 1279 356 eo

104 386 339 423 miserabilia
366 385 487 434 magis
515 385 767 434 querentibus
799 385 964 421 subiicit.
1022 384 1207 420 Virorum
1240 389 1280 420 et
1296 398 1312 421 9

104 451 271 488 maxime
299 451 403 488 Icilii
433 463 510 486 vox
537 455 623 486 tota
651 450 868 486 tribuniciae
893 449 1094 498 potestatis
1121 462 1165 485 ac
1194 460 1278 497 pro—

104 514 317 551 vocationis
335 514 383 550 ad
403 513 588 563 populum
608 518 747 562 ereptae
770 513 1089 562 publicarumque
1107 512 1280 561 indigna-

105 579 255 615 tionum
274 582 366 615 erat,

183 641 411 679 Concitatur
449 641 661 678 multitudo
698 641 840 690 partim
877 639 1081 677 atrocitate
1118 639 1278 684 sceleris,
1297 641 1347 679 49

74 735 78 738 .
105 705 245 756 partim
276 718 342 754 spe
374 718 442 754 per
475 705 709 741 occasionem
747 706 963 754 repetendae
999 713 1105 743 [rm-oar
1115 713 1142 738 in
1154 713 1200 738 the
1209 712 1270 743 city.

104 769 304 807 libertatis.
361 769 518 817 Appius
542 781 648 805 nunc
670 769 800 805 vocari
823 769 987 817 Icilium,
1010 783 1114 807 nunc
1142 774 1280 807 retrac-
1298 787 1313 803 2

105 839 253 871 tantem
282 833 413 882 arripi,
435 837 637 882 postremo,
664 846 785 882 quum
810 833 916 870 locus
940 834 1109 870 adeundi
1135 834 1282 883 appari-

107 898 254 935 toribus
291 910 370 934 non
402 897 572 944 daretur,
603 897 685 946 ipse
717 910 805 934 cum
840 898 994 947 agmine
1031 898 1278 947 patriciorum

104 964 290 1000 iuvenum
318 975 386 1011 per
413 963 569 998 turbam
603 962 758 1007 vadens,
788 962 830 998 in
859 963 1014 999 vincula
1043 963 1131 999 duci
1161 962 1278 999 iubet.

106 1026 191 1062 Iam
223 1026 323 1062 circa
354 1025 510 1062 Icilium
548 1039 625 1061 non
663 1026 785 1062 solum
817 1026 1036 1071 multitudo,
1071 1027 1135 1063 sed
1167 1026 1314 1065 ‹luces3

105 1101 256 1138 quoque
275 1088 539 1125 multitudinis
557 1093 680 1134 erant,
695 1089 738 1126 L.
755 1089 939 1127 Valerius
953 1095 992 1127 et
1005 1091 1060 1128 M.
1078 1091 1280 1136 Horatius,

105 1155 184 1204 qui,
218 1153 372 1203 repulso
411 1153 556 1199 lictore,
595 1153 743 1195 siiure
771 1159 913 1204 ageret,
948 1155 1146 1192 vindicare
1183 1168 1223 1192 se
1260 1169 1283 1192 a

105 1218 258 1268 privato
279 1218 433 1254 Icilium
453 1217 626 1264 aiebant3
655 1218 689 1254 si
717 1218 796 1254 vim
824 1219 959 1256 afferre
985 1224 1198 1265 conaretur,
1226 1221 1280 1257 ibi

105 1295 257 1332 quoque
280 1282 384 1319 haud
409 1282 574 1331 impares
602 1283 691 1321 fore.
750 1283 858 1320 Hinc
885 1289 997 1321 atrox
1026 1285 1112 1321 rixa
1145 1286 1279 1322 oritur.
1300 1307 1313 1327 ⁴

107 1347 310 1383 Valerium
325 1346 613 1395 Horatiumque
633 1347 746 1383 lictor
760 1347 967 1384 decemviri
982 1349 1155 1394 invadit;
1183 1349 1282 1384 fran-

106 1415 253 1460 guntur
279 1423 303 1447 a
330 1410 584 1447 multitudine
611 1411 741 1448 fasces.
800 1411 850 1449 In
880 1413 1095 1449 contionem
1128 1413 1283 1463 Appius

107 1475 278 1513 escendit
295 1489 305 1522 ;
334 1479 551 1524 sequuntur
571 1475 762 1512 Horatius
776 1476 1043 1526 Valeriusque.
1102 1477 1180 1513 Eos
1198 1490 1282 1513 con-

107 1540 163 1577 tio
195 1539 328 1587 audit;
357 1539 573 1576 decemviro
603 1540 849 1589 obstrepitur.
910 1541 991 1577 Iam
1024 1554 1093 1592 pro
1122 1541 1284 1591 imperio
1300 1556 1314 1578 5

108 1603 290 1641 Valerius
319 1603 510 1640 discedere
540 1616 563 1639 a
590 1604 744 1653 privato
776 1605 929 1642 lictores
960 1606 1127 1651 iubebat,
1163 1620 1280 1656 quum

106 1667 240 1704 fractis
264 1668 404 1704 animis
435 1668 600 1717 Appius,
637 1669 726 1704 vitae·
756 1673 942 1717 metucns,
977 1671 1017 1706 in
1051 1670 1206 1707 domum
1243 1684 1283 1708 se

107 1732 362 1781 propinquam
393 1731 485 1777 foro,
513 1732 644 1769 insciis
674 1733 914 1779 adversariis,
943 1734 1067 1783 capite
1100 1735 1283 1772 obvoluto

108 1796 253 1845 recipit.

186 1859 248 1908 Sp.
276 1859 435 1908 Oppius,
463 1864 508 1896 ut
535 1861 682 1896 auxilio
705 1860 857 1909 collegae
882 1866 992 1907 esset,
1017 1861 1057 1898 in
1081 1862 1205 1899 forum
1235 1876 1281 1900 ex
1301 1880 1316 1901 ⁶

107 1922 229 1959 altera
265 1927 374 1971 parte
406 1923 597 1972 irrumpit.
655 1924 779 1961 Videt
815 1925 1019 1974 imperium
1052 1926 1090 1961 vi
1123 1927 1279 1964 victum.

107 1988 294 2037 Agitatus
313 1987 451 2024 deinde
470 1989 649 2035 consiliis,
663 1990 711 2026 ad
731 2003 815 2039 quae
834 2003 882 2027 ex
901 1990 1007 2027 omni
1027 1994 1136 2039 parte
1156 2003 1281 2027 assen-

107 2051 239 2088 tiendo
271 2050 406 2088 multis
437 2052 656 2089 auctoribus
685 2053 958 2102 trepidaverat,
991 2057 1168 2089 senatum
1202 2066 1283 2103 pos-

108 2118 231 2151 tremo
249 2113 378 2150 vocari
397 2113 520 2152 iussit.
554 2114 613 2151 Ea
632 2128 702 2161 res,
716 2116 817 2164 quod
840 2129 985 2165 magnae
1006 2116 1108 2165 parti
1128 2121 1282 2166 patrum
1302 2138 1315 2160 7

107 2178 307 2228 displicere
342 2182 430 2215 acta
471 2179 776 2216 decemvirorum
822 2181 1064 2225 videbantur,
1109 2193 1175 2229 spe
1216 2193 1283 2230 per

107 2247 282 2280 senatum
321 2243 497 2280 finiendae
535 2245 735 2293 potestatis
771 2245 853 2281 eius
893 2244 1183 2281 multitudinem
1229 2258 1281 2280 se-
