1438 2466
79 111 298 164 A.011.50·)]
535 111 702 148 LIBER
740 111 799 147 II.
1231 115 1252 150 7
1282 134 1284 139 >

77 215 188 256 esset,
208 211 409 259 praemium
440 210 559 246 indici
588 209 753 258 pecunia
783 222 831 244 ex
861 209 1006 254 aerario,
1028 208 1187 244 libertas
1219 215 1260 245 et

76 275 213 312 civitas
232 275 334 311 data.
392 275 467 312 Ille
486 275 655 324 primum
684 275 828 311 dicitur
856 274 1028 310 vindicta
1056 273 1255 320 liberatus;
1280 295 1310 310 lo

77 340 234 389 quidam
259 340 439 376 vindictae
468 353 621 389 quoque
651 353 791 376 nomen
821 343 990 375 tractum
1020 338 1068 374 ab
1096 337 1164 374 illo
1191 351 1259 386 pu-

78 409 183 451 tant3
203 405 386 441 Vindicio
405 405 479 454 ipsi
498 418 639 441 nomen
659 405 785 442 fuisse.
840 404 935 440 Post
952 403 1065 439 illum
1084 403 1257 439 observa-

78 474 172 515 tum,
197 474 252 515 ut,
274 462 342 518 qui
371 470 428 506 ita
457 469 611 506 liberati
641 473 779 515 essent,
811 469 853 504 in
883 468 1081 504 civitatem
1111 466 1256 515 accepti

78 534 310 571 viderentur.

157 596 245 643 His,
284 597 385 633 sicut
426 601 512 634 acta
549 602 668 644 erant,
710 596 913 642 nuntiatis,
952 596 1131 632 incensus
1168 594 1258 630 Tar·
1279 604 1300 639 6

53 661 235 715 -Ἷυίυἰηε
267 675 345 698 non
368 662 497 698 dolore
526 662 649 698 solnm
676 666 795 698 tantae
821 662 869 698 ad
895 661 975 696 irri-
1034 688 1102 712 ΨΜ
1121 688 1182 711 wit„
1203 688 1259 711 ven

74 730 162 764 tum
190 725 364 762 cadentis
391 725 483 774 spei,
500 725 566 762 sed
585 725 702 762 etiam
723 726 810 762 odio
829 725 974 774 iraque,
1017 719 1261 773 ἒὲἒοᾞῇζῗμῧξῶὥῖ

77 793 279 838 postquam
328 789 415 825 dolo
461 789 562 825 viam
609 789 818 837 obsaeptam
863 789 973 835 vidit,
1019 780 1160 810 Tamum*

77 852 221 889 bellum
259 857 390 901 aperte
428 852 665 889 moliendum
702 861 812 889 ratus
849 853 1050 889 circumire
1096 853 1260 902 supplex

78 916 246 953 Etruriae
275 917 388 953 urbes
403 930 414 963 ;
460 930 569 953 orare
599 917 766 952 maxime
799 916 982 953 Veientes
1010 916 1261 965 Tarquinien-
1280 942 1292 957 2

77 994 222 1031 sesque,
239 994 288 1018 ne
300 994 340 1018 se
359 981 405 1018 ab
425 995 461 1018 se
479 986 621 1027 ortum,
637 981 804 1018 eiusdem
826 982 1035 1030 sanguinis,
1053 986 1258 1027 extorrem,

77 1050 251 1095 egentem
269 1059 337 1092 Q
350 1050 460 1083 tanto
480 1047 592 1083 modo
612 1059 729 1096 reguo
749 1059 835 1082 cum
857 1046 989 1083 liberis
1007 1045 1257 1082 adolescenti—

78 1111 150 1147 bus
173 1115 265 1147 ante
292 1110 422 1147 oculos
450 1123 539 1147 suos
567 1110 692 1159 perire
720 1111 902 1147 sinerent.
961 1110 1074 1146 Alios
1102 1122 1258 1158 peregre

79 1175 119 1210 in
143 1187 304 1224 regnum
329 1174 495 1210 Romam
518 1174 659 1211 accitos
672 1188 682 1222 3
711 1187 751 1210 se
774 1186 912 1223 regem,
934 1179 1139 1222 augentem
1158 1173 1259 1209 bello

78 1239 299 1276 Romanum
318 1238 534 1287 imperium,
551 1252 573 1274 a
592 1238 779 1287 proximis
793 1238 978 1275 scelerata
996 1237 1260 1274 coniuratione

77 1303 241 1352 pulsum.
300 1302 377 1339 Eos
399 1302 503 1340 inter
527 1316 577 1347 se,
608 1303 700 1352 quia
727 1316 840 1339 nemo
868 1315 970 1339 unus
997 1302 1093 1339 satis
1120 1302 1260 1351 dignus
1279 1326 1294 1349 3

77 1379 194 1416 regno
220 1366 326 1403 visus
351 1366 413 1412 sit,
440 1372 569 1416 partes
593 1367 702 1416 regni
727 1367 924 1416 rapuisse;
954 1367 1054 1403 bona
1077 1379 1148 1403 sua
1171 1366 1260 1402 diri-

77 1431 217 1480 pienda
249 1431 390 1480 populo
420 1431 580 1476 dedisse,
612 1444 661 1467 ne
689 1431 776 1480 quis
805 1444 942 1480 expers
970 1430 1123 1467 sceleris
1150 1435 1257 1467 esset.

80 1495 253 1531 Patriam
290 1507 331 1531 se
368 1508 606 1544 regnumque
644 1508 759 1531 suum
796 1500 968 1544 repetere
1005 1499 1046 1532 et
1082 1495 1260 1544 persequi

78 1558 249 1608 ingratos
268 1558 372 1595 cives
391 1558 502 1595 velle.
560 1559 725 1595 Ferrent
743 1571 865 1608 opem,
886 1559 1141 1606 adiuvarent3
1171 1572 1260 1596 suas

76 1636 230 1672 quoque
248 1627 397 1660 veteres
415 1622 580 1660 iniurias
599 1622 726 1659 ultum
745 1623 858 1669 irent,
879 1623 995 1659 toties
1013 1635 1125 1659 caesas
1144 1623 1258 1672 legio-

77 1699 157 1732 nes,
177 1675 312 1736 agrum
341 1686 575 1735 ademptum.
634 1686 732 1722 Haec
760 1690 967 1722 moverunt
992 1686 1189 1733 Veientes,
1216 1699 1260 1724 ac
1277 1711 1292 1735 ⁴

77 1762 148 1799 pro
174 1763 214 1787 se
241 1750 415 1799 quisque,
446 1750 623 1786 Romano
650 1749 787 1786 saltem
816 1750 912 1787 duce
939 1750 1171 1799 ignominias
1198 1751 1259 1788 de-

76 1814 234 1851 mendas
253 1814 430 1864 belloque
449 1814 589 1851 amissa
608 1815 827 1863 repetenda,
849 1815 1052 1852 minaciter
1073 1815 1254 1854 fremunt.

75 1877 374 1927 Tarquinienses
405 1891 546 1915 nomen
578 1892 621 1914 ac
653 1879 830 1927 cognatio
861 1884 1012 1926 movet;
1053 1879 1256 1929 pulchrum

76 1942 292 1988 videbatur,
313 1955 401 1979 suos
420 1942 554 1979 Romae
574 1956 742 1991 regnare.
802 1943 867 1979 Ita
887 1944 963 1980 duo
982 1944 1146 1981 duarum
1169 1945 1259 1981 civi-
1277 1968 1291 1991 ⁵

76 2005 217 2042 tatium
236 2006 428 2042 exercitus
447 2006 496 2042 ad
515 2006 767 2055 repetendum
788 2019 949 2056 regnum
975 2008 1150 2057 belloque
1177 2022 1258 2058 per-

76 2069 289 2118 sequendos
308 2070 505 2106 Romanos
523 2070 644 2106 secuti
663 2069 928 2119 Tarquinium.
987 2071 1196 2121 Postquam
1216 2073 1259 2109 in

75 2145 208 2182 agrum
237 2133 457 2171 Romanum
483 2138 742 2189 ventumest,
772 2135 925 2171 obviam
955 2134 1057 2172 hosti
1085 2136 1259 2174 consules

76 2202 181 2234 eunt.
255 2197 436 2235 Valerius
484 2199 674 2248 quadrato
718 2201 872 2249 agmine
917 2200 1086 2249 peditem
1123 2202 1232 2240 ducit
1246 2216 1257 2249 5
1276 2223 1291 2248 ⁶
