1438 2466
101 187 204 214 A.cn.
229 174 454 227 463—462]
546 174 716 212 LIBER
752 173 835 210 III.
1231 175 1275 211 91

98 274 141 310 in
177 274 413 311 Tusculanos
449 275 590 311 flexere
626 273 751 311 colles.
809 274 913 311 Urbi
950 286 1101 323 quoque
1146 274 1278 311 Romae
1296 292 1309 315 7

98 337 234 387 ingens
267 338 450 387 praebitus
478 343 612 384 terror,
643 338 764 387 magis
794 351 835 375 re
867 338 996 375 subita
1026 351 1141 387 quam
1175 339 1277 387 quod

98 401 147 438 ad
174 402 377 439 arcendam
414 403 494 438 vim
522 415 660 451 parum
699 402 840 438 virium
879 406 988 439 esset.
1048 401 1092 446 Q.
1134 401 1278 438 Fabius

97 471 260 516 praeerat
285 467 397 513 urbi3
426 467 458 503 is
486 472 636 502 armata
660 466 864 502 iuventute
890 465 1162 515 dispositisque
1187 479 1278 515 prae-

98 531 208 568 sidiis
235 536 322 568 tuta
345 531 475 568 omnia
499 544 542 567 ac
570 530 783 580 tranquilla
810 530 911 568 fecit.
970 530 1109 580 Itaque
1136 530 1276 577 hostes,
1295 541 1310 565 8

98 596 227 645 praeda
258 609 306 633 ex
340 596 527 645 proximis
564 595 654 632 locis
692 599 813 644 rapta,
845 595 1154 644 appropinquare
1190 593 1277 630 urbi

98 673 176 696 non
205 660 299 707 ausi,
329 673 449 709 quum
477 660 708 696 circumacto
738 660 890 708 agmine
918 659 1100 705 redirent,
1131 662 1278 708 quanto

99 724 250 774 longius
289 725 337 761 ab
375 724 469 760 urbe
506 724 675 760 hostium
714 723 973 770 abscederent,
1013 735 1057 759 eo
1094 722 1279 759 solutiore

99 801 199 833 cura,
229 788 271 824 in
300 787 523 824 Lucretium
551 787 731 824 incidunt
758 787 964 833 consulem,
984 786 1061 823 iam
1094 791 1184 823 ante
1211 799 1276 823 ex-

97 853 258 903 ploratis
294 853 498 890 itineribus
535 854 625 899 suis,
659 852 893 889 instructum
927 857 967 889 et
1003 852 1052 888 ad
1083 857 1278 889 certamen

98 917 303 954 intentum.
362 916 491 966 Igitur
510 916 735 965 praeparatis
756 916 896 952 animis
915 915 1118 964 repentino
1135 928 1278 965 pavore
1293 929 1308 953 9

97 981 290 1030 perculsos
318 981 444 1018 adorti
467 981 666 1030 aliquanto
690 981 888 1030 pauciores
908 981 1201 1018 multitudinem
1221 981 1276 1017 in-

96 1051 251 1093 gentem
288 1044 460 1081 fundunt
503 1044 717 1093 fugantque
760 1048 800 1080 et
836 1043 1051 1093 compulsos
1087 1044 1129 1080 in
1165 1057 1277 1081 cavas

96 1109 226 1156 vallea
262 1122 381 1158 quum
420 1109 550 1146 exitus
579 1108 683 1145 haud
720 1108 762 1144 in
799 1107 905 1145 facili
942 1114 1079 1155 essent,
1119 1109 1276 1146 circum-

96 1174 268 1211 veniunt.
338 1174 400 1210 Ibi
439 1174 625 1211 Volscum
663 1187 802 1211 nomen
842 1187 960 1224 prope
998 1174 1166 1211 deletum
1205 1181 1272 1212 est.
1294 1196 1325 1213 ιο

95 1238 293 1274 Tredecim
325 1238 448 1275 millia
477 1238 783 1288 quadringentos
813 1239 1061 1288 septuaginta
1097 1239 1275 1276 cecidisse

93 1302 135 1338 in
154 1302 234 1339 acie
262 1315 306 1339 ac
325 1302 428 1352 fuga,
446 1302 552 1339 mille
578 1302 844 1352 septingentos
864 1302 1148 1352 quinquaginta
1166 1303 1276 1340 vivos

93 1372 234 1417 captos,
249 1367 360 1417 signa
375 1367 515 1416 viginti
535 1371 683 1416 septem
702 1366 888 1404 militaria
907 1358 1040 1414 relata,
1057 1367 1099 1403 in
1121 1367 1277 1417 quibus-

93 1431 181 1468 dam
202 1431 409 1468 annalibus
429 1431 599 1476 invenio,
620 1431 687 1467 ubi
713 1431 786 1467 etsi
809 1430 1004 1468 adiectum
1031 1430 1179 1479 aliquid
1205 1445 1274 1468 nu-

94 1508 199 1532 mero
236 1495 299 1541 sit,
339 1507 478 1544 magna
515 1498 617 1530 certe
654 1494 773 1531 caedes
810 1494 897 1530 fuit.
953 1493 1094 1531 Victor
1130 1495 1273 1540 consul,
1287 1517 1321 1554 'n

93 1560 243 1610 ingenti
268 1559 398 1609 praeda
424 1559 583 1609 potitus,
605 1559 737 1596 eodem
762 1559 803 1596 in
826 1559 969 1596 stativa
993 1559 1117 1596 rediit.
1177 1559 1274 1595 Tum

93 1625 268 1662 consules
295 1630 421 1662 castra
450 1624 704 1674 coniungunt,
725 1629 764 1661 et
787 1624 923 1661 Volsci
941 1624 1141 1674 AEquique
1160 1624 1274 1661 afflic-

93 1695 154 1728 tas
181 1690 283 1728 ¹vires
311 1704 401 1728 suas
422 1691 464 1727 in
489 1703 611 1727 unum
640 1689 848 1727 contulere.
905 1689 1037 1727 Tertia
1061 1689 1129 1726 illa
1148 1702 1276 1739 pugna

94 1770 138 1794 eo
165 1769 266 1794 anno
294 1756 378 1793 fuit.
438 1755 582 1792 Eadem
609 1755 767 1792 fortuna
794 1754 997 1791 victoriam
1026 1753 1153 1800 dedit;
1181 1753 1276 1790 fusis

94 1821 269 1858 hostibus
287 1821 405 1857 etiam
425 1824 551 1857 castra
569 1823 689 1869 capta.

177 1885 240 1922 Sic
286 1897 346 1921 res
392 1884 572 1921 Romana
617 1884 659 1920 in
704 1883 910 1932 antiquum
953 1886 1099 1919 statum
1145 1883 1273 1929 rediit,
1293 1883 1314 1919 9

95 1949 346 1998 secundaeque
381 1948 474 1985 belli
514 1960 575 1985 res
620 1948 814 1997 extemplo
850 1948 962 1984 urba-
994 1976 1119 2001 nenewai
1142 1977 1171 2002 or
1194 1977 1277 2008 agita-

95 2026 166 2051 nos
212 2017 340 2050 motus
385 2013 666 2049 excitaverunt.
734 2011 773 2049 G.
822 2011 959 2048 Teren-
992 2007 1191 2063 ‘Ti‘gsseirssfflffsci‘
1205 2010 1274 2063 ἕψε-
1291 2023 1305 2039 2

95 2079 204 2116 tilius
241 2077 372 2114 Harsa
403 2077 585 2115 tribunus
616 2077 740 2127 plebis
777 2089 821 2113 eo
857 2089 960 2113 anno
992 2068 1275 2129 {¹5‡³5¹2⁴‡e23¹1¹,{3{¹³¹¹125}i‘3

97 2143 182 2179 fuit.
255 2142 295 2178 Is
337 2141 557 2179 consulibus
593 2141 817 2178 absentibus
854 2146 960 2177 ratus
992 2129 1086 2184 212¹?ssss
1095 2130 1275 2185 ’ξ’ἑζῖζζζῇῗξῑ

97 2207 222 2244 locum
244 2207 465 2244 tribuniciis
485 2207 703 2244 actionibus
724 2208 871 2253 datum,
893 2221 961 2257 per
992 2191 1274 2258 ffssffifflfffi'r‘Jl-‘sssssffp

98 2271 246 2321 aliquot
273 2271 355 2308 dics
382 2276 536 2320 patrum
565 2272 783 2321 superbiam
810 2272 858 2308 ad
887 2272 962 2321 ple-
993 2252 1098 2307 ssssnss'ssf
1126 2254 1203 2277 ‘'tm'‘
1230 2255 1275 2277 ω’
