1438 2466
80 115 187 143 acu.
211 104 304 155 509]
541 102 712 140 LIBER
748 103 807 140 II.
1237 106 1260 141 3

264 177 322 195 or
370 163 390 190 μ’

79 201 253 251 Superbo
267 201 383 252 penes
403 201 862 255 Collatinum-impeiium
882 215 963 240 esse
970 215 981 250 3
1001 204 1258 258 nmiQTar-

94 257 710 317 mos-pfiffifo's‘ssfferessnon
729 266 880 318 placere
899 279 1050 313 nomen,
1071 268 1258 317 periculo—

76 278 605 375 ssffl—&mic
622 331 747 381 primo
766 318 1259 369 effimi-
1277 353 1291 374 ⁴

74 387 160 432 mos
177 408 302 432 sermo
320 408 390 445 per
407 400 531 432 totam
550 395 750 433 civitatem
766 401 825 433 aet
839 395 964 439 datus,
980 396 1260 446 sollicitamque

76 460 293 509 suspicione
325 460 475 510 plebem
508 461 656 498 Brutus
685 461 733 498 ad
764 461 982 498 contionem
1014 466 1136 499 vocat.
1197 463 1259 499 Ibi

76 525 248 561 omnium
264 525 429 574 primum
446 525 507 562 ius
521 525 726 562 iurandum
743 525 877 574 populi
896 524 1044 571 recitat,
1066 527 1258 562 neminem
1278 550 1292 572 5

75 602 235 638 regnare
271 602 451 639 passuros
488 603 558 627 nec
597 602 679 627 esse
716 590 861 635 Romae,
901 590 1003 627 unde
1041 591 1262 640 periculum-

37 697 41 700 ,
75 653 247 690 libertati
276 654 399 699 foret;
432 654 473 690 id
503 667 653 691 summa
682 666 753 704 ope
785 654 976 691 tuendum
1009 667 1101 701 esse,
1133 668 1258 705 neque

74 717 194 754 ullam
213 730 306 763 rem,
327 731 411 768 quae
432 731 476 755 eo
494 719 697 768 pertineat,
714 719 1046 756 contemnendam.
1077 719 1256 756 Invitum

74 794 114 818 se
132 781 257 819 dicere
276 782 444 818 hominis
462 795 587 829 causa,
604 795 674 819 nec
693 782 889 819 dicturum
908 782 1038 828 fuisse,
1055 783 1097 819 ni
1117 783 1259 819 caritas

73 847 129 883 rei
148 846 310 895 publicae
331 846 519 884 vinceret:
546 859 622 882 non
646 845 798 883 credere
817 845 1002 895 populum
1024 846 1256 894 Romanum,
1277 861 1292 885 6

72 909 233 946 solidam
266 909 487 945 libertatem
521 914 784 958 recuperatam
818 921 900 946 esse
907 923 918 956 5
952 909 1101 958 regium
1133 923 1256 959 genus

72 973 219 1023 regium
250 986 390 1010 nomen
420 986 499 1009 non
528 973 651 1009 solum
686 973 726 1009 in
759 973 930 1018 civitate,
965 973 1030 1011 sed
1063 974 1180 1010 etiam
1214 974 1256 1010 in

71 1037 231 1087 imperio
250 1050 330 1074 esse
338 1051 348 1084 ;
367 1037 406 1073 id
432 1037 591 1082 officere,
612 1036 653 1073 id
678 1037 830 1073 obstare
855 1036 1038 1073 libertati.
1099 1041 1121 1057 “
1136 1037 1257 1073 Hunc
1276 1059 1290 1082 7

71 1106 116 1139 tu
129 1104 149 1120 '’
178 1103 308 1151 inquit
338 1106 441 1139 “tua
468 1102 680 1147 voluntate,
710 1101 753 1138 L.
783 1101 981 1151 Tarquini,
1009 1114 1163 1138 remove
1183 1115 1258 1139 me—

71 1170 168 1203 tum.
224 1165 486 1211 Meminimus,
524 1165 716 1201 fatemur:
754 1164 901 1201 eiecisti
940 1177 1046 1214 reges
1054 1179 1064 1212 3
1101 1165 1257 1202 absolve

71 1227 297 1265 beneficium
318 1233 442 1275 tuum,
461 1228 573 1281 aufer
591 1228 682 1264 hinc
701 1219 849 1277 regium
870 1241 1020 1265 nomen.
1070 1228 1150 1266 Res
1168 1233 1257 1267 tuas

70 1292 144 1328 tibi
172 1304 248 1329 non
277 1293 400 1329 solum
430 1291 592 1329 reddent
618 1292 720 1329 cives
748 1292 818 1339 tui,
848 1296 1004 1329 auctore
1031 1305 1104 1338 me,
1125 1292 1203 1339 sed,
1225 1294 1256 1330 si

71 1355 165 1405 quid
184 1356 302 1401 deest,
322 1356 505 1393 munifice
529 1357 736 1406 augebunt.
796 1356 958 1393 Amicus
982 1355 1065 1402 abi;
1090 1368 1256 1393 exonera

72 1421 270 1457 civitatem
302 1433 401 1457 vano
426 1421 590 1458 forsitan
616 1427 741 1468 metu,
768 1421 824 1458 ita
849 1433 1073 1470 persuasum
1100 1425 1158 1456 est
1176 1421 1256 1457 ani—

72 1485 156 1531 mis,
192 1497 281 1521 cum
314 1489 430 1533 gente
461 1485 674 1534 Tarquinia
706 1499 866 1535 regnum
899 1486 991 1522 hinc
1022 1485 1256 1522 abiturum.'⁷

72 1549 230 1587 Consuli
258 1550 384 1599 primo
411 1555 492 1587 tam
521 1563 632 1588 novae
661 1551 717 1588 rei
747 1564 789 1588 ac
817 1551 955 1588 subitae
974 1551 1180 1587 admiratio
1200 1551 1255 1587 in·
1275 1564 1289 1588 8

71 1614 239 1664 cluserat
271 1627 401 1651 vocem
410 1627 420 1660 ;
451 1614 579 1652 dicere
612 1615 752 1652 deinde
785 1615 1035 1664 incipientem
1067 1614 1255 1663 primores

71 1678 243 1714 civitatis
269 1678 571 1724 circumsistunt,
598 1679 731 1716 eadem
758 1679 893 1716 multis
922 1679 1099 1729 precibus
1129 1683 1251 1715 orant.

74 1743 128 1780 Et
163 1743 281 1780 ceteri
316 1743 471 1793 quidem
510 1745 720 1781 movebant
755 1746 907 1791 minus3
945 1748 1149 1793 postquam
1187 1743 1251 1792 Sp.
1270 1762 1287 1786 9

75 1807 288 1854 Lucretius,
321 1808 444 1844 maior
475 1812 589 1844 aetate
620 1820 663 1844 ac
696 1808 897 1858 dignitate,
932 1820 1037 1844 socer
1069 1811 1253 1855 praeterea

73 1870 204 1920 ipsius,
243 1883 355 1920 agere
400 1871 515 1918 varie,
564 1871 733 1920 rogando
776 1871 938 1908 alternis
982 1869 1253 1919 suadendoque

72 1934 198 1984 ooepit,
219 1939 265 1971 ut
289 1935 393 1972 vinei
418 1948 458 1972 se
485 1948 673 1972 consensu
692 1935 864 1972 civitatis
882 1939 1090 1984 pateretur,
1112 1934 1254 1971 timens
1273 1952 1304 1968 ιο

72 1999 217 2045 consul,
251 2012 300 2036 ne
332 1999 577 2049 postmodum
611 2000 764 2050 privato
795 2000 869 2036 sibi
901 1998 1034 2035 eadem
1067 1998 1136 2034 illa
1164 2010 1251 2034 cum

72 2064 258 2101 bonorum
287 2064 491 2102 amissione
517 2065 728 2114 additaque
755 2065 833 2102 alia
859 2064 1018 2113 insuper
1041 2062 1252 2112 ignominia

71 2127 299 2175 acciderent,
320 2128 515 2165 abdicavit
533 2142 573 2166 se
591 2129 805 2173 consulatu,
826 2128 1016 2177 rebusque
1033 2126 1114 2163 suis
1133 2125 1252 2162 omni-

72 2192 146 2229 bus
177 2192 384 2230 Lavinium
419 2193 618 2229 translatis
649 2193 809 2229 civitate
841 2191 964 2228 cessit.
1023 2190 1171 2227 Brutus
1202 2202 1250 2226 ex
1271 2209 1298 2224 ιι

1032 2265 1136 2303 1-2
