1438 2466
87 158 192 185 A.cn.
217 150 398 195 462—46
408 146 441 199 1]
531 147 704 184 LIBER
742 146 826 184 III.
1219 147 1268 184 93

89 244 257 293 coeperit.
318 246 341 264 “
355 244 437 281 Vos
450 245 468 261 ”
492 244 622 293 inquit
650 243 802 290 Fabius,
828 243 981 280 “ceteri
1007 243 1166 288 tribuni,
1189 257 1270 280 ora·
1291 260 1317 276 ι.

89 321 186 354 mus,
213 312 260 344 ut
287 308 454 358 primum
482 308 656 345 omnium
684 308 871 358 cogitetis,
896 312 1127 357 potestatem
1155 309 1269 345 istam

88 372 138 409 ad
164 372 404 422 singulorum
431 372 634 419 auxilium,
668 385 747 409 non
783 372 832 409 ad
869 371 1077 421 perniciem
1115 372 1266 409 univer-

89 450 219 475 sorum
244 442 502 487 comparatam
527 450 631 484 esse3
656 438 834 474 tribunos
866 437 989 486 plebis
1017 449 1084 474 vos
1112 441 1268 482 creatos,

88 512 166 537 non
204 500 333 538 hostes
371 501 557 550 patribus.
635 500 758 537 Nobis
802 499 996 545 miserum,
1035 499 1271 537 invidiosum
1293 515 1321 531 12

89 565 199 602 vobis
231 569 300 612 est,
329 565 519 602 desertam
547 578 628 602 rem
656 565 850 614 publicam
888 564 1031 601 invadi.
1089 564 1182 601 Non
1211 565 1271 601 ius

90 633 274 675 vestrum,
295 629 361 666 sed
379 629 569 666 invidiam
589 629 818 666 minueritis.
868 628 989 678 Agite
1009 641 1096 665 cum
1116 629 1269 678 collega,

90 698 134 729 ut
154 705 234 730 rem
254 693 444 743 integram
472 694 514 730 in
533 694 745 730 adventum
766 693 967 730 consulum
987 692 1149 729 differat.
1208 692 1271 729 Ne

91 757 216 807 AEqui
252 758 407 807 quidem
443 771 487 795 ac
526 758 669 804 Volsci,
708 758 841 795 morbo
887 757 1102 806 absumptis
1145 757 1271 807 priore

89 834 192 859 anno
229 822 460 868 consulibus,
491 822 637 859 crudeli
671 822 912 872 superboque
939 821 1051 858 nobis
1088 821 1187 858 bello
1215 821 1272 858 in-

91 885 260 924 stitere.’'
316 887 455 936 Agunt
474 899 560 923 cum
584 886 795 923 Terentilio
823 885 984 931 tribuni,
1005 885 1201 934 dilataque
1231 885 1272 922 in
1295 902 1324 926 13

90 950 254 998 speciem
287 951 448 997 actione,
478 963 519 988 re
552 951 635 1000 ipsa
671 950 835 996 sublata,
867 949 1042 986 consules
1078 949 1273 999 extemplo

91 1013 274 1050 arcessiti.

171 1078 377 1115 Lucretius
402 1091 490 1114 cum
516 1078 666 1128 ingenti
685 1077 824 1128 praeda,
846 1077 988 1113 maiore
1009 1077 1133 1115 multo
1151 1077 1273 1127 gloria
1295 1078 1342 1114 10

92 1142 217 1180 rediit.
260 1142 313 1179 Et
331 1147 448 1192 auget
465 1142 627 1192 gloriam
647 1143 856 1179 adveniens
881 1154 943 1178 ex·

90 1204 216 1254 posita
234 1204 340 1240 omni
358 1204 400 1240 in
419 1217 552 1253 campo
572 1204 718 1241 Martio
737 1203 875 1254 praeda,
898 1208 942 1239 ut
989 1198 1273 1260 υξῶξυζῆᾓξῗώῗζ

91 1280 205 1304 suum
233 1268 394 1317 quisque
430 1280 498 1317 per
535 1267 710 1305 triduum
747 1268 944 1317 cognitum

91 1331 306 1368 abduceret.
365 1331 533 1380 Reliqua
560 1331 730 1378 vendita,
761 1332 901 1381 quibus
931 1330 1077 1368 domini
1108 1343 1185 1366 non
1214 1343 1274 1366 ex-

91 1396 236 1432 stitere.
295 1395 519 1432 Debebatur
547 1396 720 1432 omnium
749 1407 936 1432 consensu
965 1393 1115 1431 consuli
1142 1393 1275 1430 trium·
1295 1410 1308 1425 2

91 1460 217 1510 phus;
248 1461 314 1498 sed
341 1460 463 1497 dilata
491 1473 551 1497 res
579 1465 648 1507 est,
678 1461 837 1497 tribuno
865 1460 911 1497 de
941 1459 1024 1508 lege
1055 1463 1210 1508 agente3
1235 1459 1275 1496 id

91 1525 291 1574 antiquius
316 1524 464 1562 consuli
482 1525 570 1562 fuit.
630 1525 781 1562 Iactat-a
799 1538 868 1574 per
887 1525 1036 1574 aliquot
1055 1525 1137 1561 dies
1156 1538 1273 1574 quum
1294 1544 1308 1566 3

92 1590 134 1626 in
153 1594 291 1627 senatu
310 1602 382 1634 res,
403 1594 489 1626 tum
513 1589 618 1639 apud
643 1590 829 1639 populum
856 1594 915 1626 est
928 1602 938 1635 ;
971 1589 1083 1626 cessit
1110 1588 1159 1626 ad
1189 1589 1276 1626 ulti-

93 1667 199 1702 mum
232 1653 427 1691 maiestati
464 1653 632 1690 consulis
669 1654 850 1690 tribunus
880 1658 919 1690 et
956 1653 1117 1690 destitit.
1176 1653 1275 1690 Tum

91 1719 317 1768 imperatori
339 1718 604 1768 exercituique
632 1718 754 1755 honos
771 1731 862 1756 suus
882 1718 1066 1756 redditus,
1128 1718 1276 1754 Trium·
1295 1741 1309 1762 4

92 1782 229 1832 phavit
260 1782 306 1819 de
344 1781 497 1819 Volscis
528 1782 747 1831 AEquisque
762 1796 772 1829 3
798 1781 1106 1831 triumphantem
1136 1786 1277 1818 secutae

92 1860 171 1884 suae
201 1847 378 1896 legiones.
436 1846 569 1883 Alteri
598 1846 747 1883 consuli
784 1846 930 1892 datum,
962 1850 1006 1883 ut
1043 1859 1163 1883 ovans
1195 1848 1277 1883 sine

93 1912 285 1949 militibus
303 1912 438 1948 urbem
457 1911 584 1948 iniret.

174 1976 294 2013 Anno
323 1976 462 2013 deinde
498 1976 719 2025 insequenti
756 1976 821 2012 lex
857 1975 1069 2012 Terentilia
1105 1976 1155 2012 ab
1192 1980 1276 2013 toto
1294 1997 1308 2019 5

94 2041 218 2079 relata
244 2041 403 2091 collegio
430 2054 551 2078 novos
579 2053 756 2090 aggressa
786 2040 960 2077 consules
993 2069 1126 2094 Renewed
1149 2071 1275 2101 propos&

94 2110 175 2152 est3
204 2110 316 2143 erant
337 2105 512 2142 consules
538 2105 579 2142 P.
607 2105 856 2151 Volumnius,
879 2104 956 2142 Ser.
992 2100 1277 2161 ἷξοὲξζίωΤΟξ-ἳῗζξξξς

96 2169 300 2219 Sulpicius.
358 2168 416 2205 Eo
445 2181 548 2206 anno
579 2169 713 2206 caelum
743 2169 877 2206 ardere
907 2168 960 2204 vi-
993 2162 1278 2217 ζ’ζᾎᾞιῗοξζζξωῃὴζὲῖ
1294 2185 1309 2209 ⁶

94 2248 192 2281 Sum,
218 2238 321 2271 t'erra
358 2234 508 2283 ingenti
544 2247 727 2272 concussa
754 2238 863 2271 motu
890 2237 957 2270 est.
993 2222 1121 2247 ”⁰¹⁰‘¹¹¹·'
