1438 2466
143 136 216 174 106
659 135 721 171 LI
729 135 809 172 VII
1086 132 1216 187 [A.U.c.
1241 147 1316 184 294

140 247 189 271 ex
213 233 274 270 his
302 233 457 270 domum
485 245 593 269 suam
622 232 814 268 obsessam
839 245 862 268 a
887 232 1036 268 familia
1055 236 1204 270 armata
1221 246 1318 270 nun-

93 314 124 331 10
139 298 267 343 tiaret,
281 296 485 333 ferendum
505 295 697 332 auxilium
713 296 903 344 putaretis
915 309 925 343 3
956 296 1135 345 Iuppiter
1149 297 1318 346 optimus

140 363 333 399 maximus
352 362 529 399 exsulum
549 365 664 409 atque
684 373 883 397 servorum
909 364 1051 410 saeptus
1070 362 1187 398 armis
1211 362 1320 399 nulla

140 426 310 462 humana
329 437 398 474 ope
424 425 564 473 dignus
588 424 695 460 erat?
750 424 802 460 Et
825 424 867 460 hi
895 424 1104 473 postulant,
1126 430 1171 461 ut
1196 437 1317 462 sacro-

139 490 265 527 sancti
297 489 524 534 habeantur,
557 488 698 536 quibus
726 489 801 537 ipsi
829 489 882 525 dji
912 502 1036 538 neque
1070 489 1168 526 sacri
1195 502 1320 538 neque

92 575 119 591 11
139 556 262 592 sancti
277 555 389 591 sunt‘.Z
425 554 484 590 At
498 553 613 599 enim,
628 553 772 589 divinis
787 553 1044 603 humanisque
1059 555 1190 592 obruti
1204 555 1318 592 scele-

140 619 256 664 ribus,
279 618 400 666 legem
421 630 489 653 vos
509 617 579 653 hoc
599 629 700 653 anno
726 617 942 665 perlaturos
962 618 1162 656 dictitatis.
1220 618 1319 654 Tum

138 681 293 718 hercule
307 681 375 718 illo
388 681 461 726 die,
475 693 551 728 quo
566 692 636 729 ego
651 679 784 717 consul
809 693 894 716 sum
915 685 1078 725 creatus,
1095 680 1194 717 male
1213 686 1320 729 gesta

138 757 199 781 res
227 744 381 794 publica
410 748 479 790 est,
501 744 609 792 peius
634 743 771 791 multo,
793 757 908 793 quam
929 757 1049 792 quum
1070 744 1113 780 P.
1136 744 1320 781 Valerius

91 827 120 843 12
138 808 270 845 consul
296 809 422 857 periit.
474 807 594 844 “Iam
618 808 788 856 primum
814 809 1014 844 omnium''
1034 809 1175 858 inquit,
1199 809 1318 854 “Qui-

137 874 242 919 rites,
260 873 302 909 in
318 873 478 909 Volscos
498 878 538 909 et
557 873 708 921 AEquos
728 873 825 909 mihi
845 877 962 923 atque
982 874 1134 922 collegae
1153 873 1320 923 legiones

138 937 276 974 ducere
296 938 338 973 in
357 937 487 974 animo
506 941 573 974 est.
633 937 775 974 Nescio
795 951 870 987 quo
890 937 972 974 fato
991 939 1113 987 magis
1132 938 1321 975 bellantes

138 1014 253 1050 quam
276 1001 402 1050 pacati
421 1001 610 1050 propitios
636 1001 822 1037 habemus
841 1001 941 1038 deos.
1002 1001 1202 1045 Quantum
1222 1002 1319 1051 peri-

137 1065 268 1102 culum
302 1066 350 1102 ab
383 1065 463 1102 illis
494 1065 647 1114 populis
680 1065 812 1111 fuerit,
845 1065 878 1101 si
907 1065 1143 1114 Capitolium
1176 1065 1225 1102 ab
1255 1078 1319 1102 ex-

137 1131 286 1168 sulibus
306 1131 502 1167 obsessum
521 1130 694 1176 scissent,
716 1129 903 1178 suspicari
923 1129 970 1166 de
990 1130 1186 1178 praeterito
1204 1143 1320 1179 quam

136 1207 177 1230 re
195 1194 279 1243 ipsa
298 1194 467 1242 experiri
489 1197 548 1230 est
566 1193 740 1230 melius.''

69 1263 118 1299 20
218 1258 399 1295 Moverat
445 1258 595 1306 plebem
639 1257 763 1294 oratio
807 1257 998 1302 consulis;
1040 1258 1156 1294 erecti
1192 1262 1321 1306 patres

457 1323 679 1359 restitutam
731 1323 938 1359 credebant
983 1335 1063 1359 rem
1114 1323 1316 1372 publicam.

136 1355 192 1379 The
197 1355 318 1380 tribunes
324 1355 423 1379 threat-

137 1386 421 1445 ξξᾷξὲξξηῐξξιξζξξζξζῗ
458 1387 603 1424 Consul
641 1387 751 1432 alter,
791 1399 916 1423 comes
953 1387 1161 1423 animosior
1203 1400 1319 1435 quam

136 1447 219 1471 forms
249 1447 295 1471 the
326 1448 421 1477 people

137 1478 196 1501 that
215 1478 278 1507 they
298 1484 346 1502 are
368 1478 422 1513 still

136 1508 309 1563 Essgesfftffir
319 1508 423 1563 32¹1?ssss
458 1517 583 1553 tiones
602 1522 679 1553 tam
702 1530 839 1566 graves
860 1516 972 1552 facile
988 1530 1131 1565 passus,
1154 1517 1195 1553 in
1215 1529 1319 1566 pera-

138 1570 270 1594 Valerius.

457 1457 603 1497 auctor,
617 1452 836 1500 'suscepisse
858 1451 1043 1500 collegam
1073 1451 1239 1500 priorem
1259 1465 1318 1488 ac-

458 1582 594 1630 gendis
623 1581 834 1618 consularis
868 1582 981 1618 officii
1012 1587 1163 1630 partem
1202 1582 1249 1618 ad
1280 1595 1320 1619 se

106 1669 120 1685 2
137 1647 370 1683 vindicabat.
430 1647 529 1683 Tum
550 1647 711 1693 tribuni,
733 1647 933 1684 eludentes
957 1647 1066 1683 velut
1086 1661 1186 1684 vana
1204 1648 1318 1694 dicta,

137 1711 315 1760 persequi
336 1711 552 1759 quaerendo,
575 1723 742 1759 quonam
769 1710 882 1746 modo
908 1711 1120 1747 exercitum
1143 1711 1320 1748 educturi

138 1775 313 1812 consules
340 1778 478 1818 essent,
500 1787 596 1822 quos
625 1774 810 1810 dilectum
839 1773 977 1809 habere
1003 1787 1114 1810 nemo
1140 1787 1321 1823 passurus

108 1858 121 1881 3
139 1845 247 1876 essct.
309 1840 464 1876 “Nobis
487 1840 603 1875 vcro'‘
629 1840 759 1888 inquit
787 1839 994 1883 Quinctius
1017 1839 1148 1876 “nihil
1177 1840 1319 1877 dilectu

139 1917 234 1953 opus
253 1909 323 1950 est,
345 1917 475 1953 quum,
499 1917 575 1952 quo
603 1909 773 1952 tempore
802 1904 844 1940 P.
867 1904 1048 1940 Valerius
1069 1904 1115 1939 :ul
1137 1905 1320 1953 recipiun-

139 1969 232 2004 dum
263 1967 499 2017 Capitolium
537 1981 645 2003 arma
676 1967 777 2016 plebi
813 1967 931 2012 dedit,
965 1980 1097 2003 omnes
1131 1968 1170 2003 in
1205 1968 1320 2004 verba

139 2033 365 2077 iuraverint,
397 2036 654 2068 conventuros
679 2044 718 2068 se
744 2032 850 2067 1115511
881 2031 1048 2067 consulis
1077 2044 1146 2067 uec
1172 2031 1320 2067 1111115511

108 2117 122 2139 4
139 2098 322 2135 abituros.
397 2097 596 2133 Edieimus
634 2097 776 2145 itaque,
823 2109 965 2142 omncs,
1013 2097 1079 2145 qui
1127 2097 1166 2132 in
1205 2097 1322 2133 verba

140 2161 309 2206 iurastis,
337 2161 508 2198 crastina
537 2162 598 2198 die
626 2162 768 2198 armati
796 2162 844 2198 ad
875 2162 999 2198 lacum
1031 2161 1226 2210 Regillum
1259 2163 1322 2200 ad-

141 2226 262 2264 sitis.’'
319 2225 503 2261 cavillari
537 2230 620 2262 tum
655 2226 803 2262 tribuni
832 2231 871 2262 et
904 2225 1090 2275 populum
1124 2226 1322 2265 exsolvere
