<?xml version="1.0" encoding="UTF-8"?>
<!DOCTYPE html PUBLIC "-//W3C//DTD XHTML 1.0 Transitional//EN"
    "http://www.w3.org/TR/xhtml1/DTD/xhtml1-transitional.dtd">
<html xmlns="http://www.w3.org/1999/xhtml" xml:lang="en" lang="en">
 <head>
  <title>
</title>
<meta http-equiv="Content-Type" content="text/html;charset=utf-8" />
  <meta name='ocr-system' content='tesseract 3.04.00' />
  <meta name='ocr-capabilities' content='ocr_page ocr_carea ocr_par ocr_line ocrx_word'/>
</head>
<body>
  <div class='ocr_page' id='page_1' title='image "./booksiiiii00livyuoft_0065.png"; bbox 0 0 1438 2466; ppageno 0'>
   <div class='ocr_carea' id='block_1_1' title="bbox 0 0 35 2402">
    <p class='ocr_par' dir='ltr' id='par_1_1' title="bbox 0 0 35 2402">
     <span class='ocr_line' id='line_1_1' title="bbox 0 0 35 2402; baseline 0 0"><span class='ocrx_word' id='word_1_1' title='bbox 0 0 35 2402; x_wconf 95' lang='lat' dir='ltr'> </span> 
     </span>
    </p>
   </div>
   <div class='ocr_carea' id='block_1_2' title="bbox 142 83 1316 139">
    <p class='ocr_par' dir='ltr' id='par_1_2' title="bbox 142 83 1316 139">
     <span class='ocr_line' id='line_1_2' title="bbox 142 83 1316 139; baseline 0.002 -15"><span class='ocrx_word' id='word_1_2' title='bbox 142 97 246 124; x_wconf 49' lang='lat' dir='ltr'>aon.</span> <span class='ocrx_word' id='word_1_3' title='bbox 270 83 363 139; x_wconf 85' lang='lat'>494]</span> <span class='ocrx_word' id='word_1_4' title='bbox 597 86 767 124; x_wconf 80' lang='lat' dir='ltr'><em>LIBER</em></span> <span class='ocrx_word' id='word_1_5' title='bbox 804 86 862 124; x_wconf 94' lang='lat' dir='ltr'>II.</span> <span class='ocrx_word' id='word_1_6' title='bbox 1267 89 1316 127; x_wconf 87' lang='grc'>33</span> 
     </span>
    </p>
   </div>
   <div class='ocr_carea' id='block_1_3' title="bbox 112 182 1366 1844">
    <p class='ocr_par' dir='ltr' id='par_1_3' title="bbox 112 182 1366 1844">
     <span class='ocr_line' id='line_1_3' title="bbox 141 182 1311 232; baseline 0.002 -13"><span class='ocrx_word' id='word_1_7' title='bbox 141 194 216 232; x_wconf 89' lang='lat' dir='ltr'>que</span> <span class='ocrx_word' id='word_1_8' title='bbox 251 182 408 228; x_wconf 81' lang='lat' dir='ltr'>auxilio,</span> <span class='ocrx_word' id='word_1_9' title='bbox 443 195 561 232; x_wconf 90' lang='lat' dir='ltr'>quum</span> <span class='ocrx_word' id='word_1_10' title='bbox 594 184 636 219; x_wconf 89' lang='lat' dir='ltr'>in</span> <span class='ocrx_word' id='word_1_11' title='bbox 664 183 724 220; x_wconf 91' lang='lat' dir='ltr'>ius</span> <span class='ocrx_word' id='word_1_12' title='bbox 751 183 840 219; x_wconf 89' lang='lat' dir='ltr'>duci</span> <span class='ocrx_word' id='word_1_13' title='bbox 868 182 1079 220; x_wconf 79' lang='lat' dir='ltr'>debitorem</span> <span class='ocrx_word' id='word_1_14' title='bbox 1114 184 1311 232; x_wconf 84' lang='lat' dir='ltr'>vidissent,</span> 
     </span>
     <span class='ocr_line' id='line_1_4' title="bbox 141 247 1315 298; baseline 0 -13"><span class='ocrx_word' id='word_1_15' title='bbox 141 247 314 298; x_wconf 87' lang='lat' dir='ltr'>undique</span> <span class='ocrx_word' id='word_1_16' title='bbox 332 248 598 285; x_wconf 75' lang='lat' dir='ltr'><strong>convolabant.</strong></span> <span class='ocrx_word' id='word_1_17' title='bbox 655 248 794 297; x_wconf 85' lang='lat' dir='ltr'>Neque</span> <span class='ocrx_word' id='word_1_18' title='bbox 813 248 1007 285; x_wconf 89' lang='lat' dir='ltr'>decretum</span> <span class='ocrx_word' id='word_1_19' title='bbox 1033 248 1209 285; x_wconf 83' lang='lat' dir='ltr'>exaudiri</span> <span class='ocrx_word' id='word_1_20' title='bbox 1232 262 1315 285; x_wconf 90' lang='lat' dir='ltr'>con-</span> 
     </span>
     <span class='ocr_line' id='line_1_5' title="bbox 139 312 1316 362; baseline 0 -12"><span class='ocrx_word' id='word_1_21' title='bbox 139 312 236 350; x_wconf 79' lang='lat' dir='ltr'>sulis</span> <span class='ocrx_word' id='word_1_22' title='bbox 253 325 331 362; x_wconf 81' lang='lat' dir='ltr'>prae</span> <span class='ocrx_word' id='word_1_23' title='bbox 350 312 516 362; x_wconf 91' lang='lat' dir='ltr'>strepitu</span> <span class='ocrx_word' id='word_1_24' title='bbox 536 317 576 349; x_wconf 90' lang='lat' dir='ltr'>et</span> <span class='ocrx_word' id='word_1_25' title='bbox 594 312 758 349; x_wconf 89' lang='lat' dir='ltr'>clamore</span> <span class='ocrx_word' id='word_1_26' title='bbox 778 316 940 361; x_wconf 82' lang='lat' dir='ltr'>poterat,</span> <span class='ocrx_word' id='word_1_27' title='bbox 960 325 1095 361; x_wconf 91' lang='lat' dir='ltr'>neque,</span> <span class='ocrx_word' id='word_1_28' title='bbox 1117 325 1236 362; x_wconf 90' lang='lat' dir='ltr'>quum</span> <span class='ocrx_word' id='word_1_29' title='bbox 1257 314 1316 350; x_wconf 88' lang='lat' dir='ltr'>de-</span> 
     </span>
     <span class='ocr_line' id='line_1_6' title="bbox 139 376 1350 427; baseline 0 -13"><span class='ocrx_word' id='word_1_30' title='bbox 139 381 292 423; x_wconf 88' lang='lat' dir='ltr'>cresset,</span> <span class='ocrx_word' id='word_1_31' title='bbox 312 377 515 427; x_wconf 88' lang='lat' dir='ltr'>quisquam</span> <span class='ocrx_word' id='word_1_32' title='bbox 535 377 835 426; x_wconf 76' lang='lat' dir='ltr'>obtemperabat.</span> <span class='ocrx_word' id='word_1_33' title='bbox 884 376 941 413; x_wconf 90' lang='lat' dir='ltr'>Vi</span> <span class='ocrx_word' id='word_1_34' title='bbox 959 377 1156 426; x_wconf 74' lang='lat' dir='ltr'>agebatur,</span> <span class='ocrx_word' id='word_1_35' title='bbox 1177 382 1316 414; x_wconf 86' lang='lat' dir='ltr'>metus-</span> <span class='ocrx_word' id='word_1_36' title='bbox 1334 399 1350 422; x_wconf 88' lang='lat'>9</span> 
     </span>
     <span class='ocr_line' id='line_1_7' title="bbox 140 441 1316 492; baseline -0.001 -13"><span class='ocrx_word' id='word_1_37' title='bbox 140 454 214 492; x_wconf 88' lang='lat' dir='ltr'>que</span> <span class='ocrx_word' id='word_1_38' title='bbox 241 442 366 479; x_wconf 91' lang='lat' dir='ltr'>omnis</span> <span class='ocrx_word' id='word_1_39' title='bbox 393 446 433 478; x_wconf 89' lang='lat' dir='ltr'>et</span> <span class='ocrx_word' id='word_1_40' title='bbox 459 441 684 491; x_wconf 89' lang='lat' dir='ltr'>periculum,</span> <span class='ocrx_word' id='word_1_41' title='bbox 706 454 825 490; x_wconf 88' lang='lat' dir='ltr'>quum</span> <span class='ocrx_word' id='word_1_42' title='bbox 853 441 895 477; x_wconf 94' lang='lat' dir='ltr'>in</span> <span class='ocrx_word' id='word_1_43' title='bbox 922 446 1127 490; x_wconf 86' lang='lat' dir='ltr'>conspectu</span> <span class='ocrx_word' id='word_1_44' title='bbox 1151 442 1316 479; x_wconf 89' lang='lat' dir='ltr'>consulis</span> 
     </span>
     <span class='ocr_line' id='line_1_8' title="bbox 139 504 1316 555; baseline 0 -13"><span class='ocrx_word' id='word_1_45' title='bbox 139 505 282 555; x_wconf 84' lang='lat' dir='ltr'>singuli</span> <span class='ocrx_word' id='word_1_46' title='bbox 300 518 324 542; x_wconf 91' lang='lat' dir='ltr'>a</span> <span class='ocrx_word' id='word_1_47' title='bbox 342 505 516 555; x_wconf 89' lang='lat' dir='ltr'>pluribus</span> <span class='ocrx_word' id='word_1_48' title='bbox 536 505 786 550; x_wconf 86' lang='lat' dir='ltr'>violarentur,</span> <span class='ocrx_word' id='word_1_49' title='bbox 808 505 849 541; x_wconf 92' lang='lat' dir='ltr'>in</span> <span class='ocrx_word' id='word_1_50' title='bbox 868 504 1075 542; x_wconf 86' lang='lat' dir='ltr'>creditores</span> <span class='ocrx_word' id='word_1_51' title='bbox 1093 518 1116 541; x_wconf 88' lang='lat' dir='ltr'>a</span> <span class='ocrx_word' id='word_1_52' title='bbox 1138 505 1316 542; x_wconf 86' lang='lat' dir='ltr'>debitori-</span> 
     </span>
     <span class='ocr_line' id='line_1_9' title="bbox 138 568 1366 618; baseline -0.001 -12"><span class='ocrx_word' id='word_1_53' title='bbox 138 570 212 606; x_wconf 89' lang='lat' dir='ltr'>bus</span> <span class='ocrx_word' id='word_1_54' title='bbox 229 573 437 606; x_wconf 82' lang='lat' dir='ltr'>verterant.</span> <span class='ocrx_word' id='word_1_55' title='bbox 495 569 619 618; x_wconf 87' lang='lat' dir='ltr'>Super</span> <span class='ocrx_word' id='word_1_56' title='bbox 637 568 716 605; x_wconf 84' lang='lat' dir='ltr'>haec</span> <span class='ocrx_word' id='word_1_57' title='bbox 735 568 852 605; x_wconf 90' lang='lat' dir='ltr'>timor</span> <span class='ocrx_word' id='word_1_58' title='bbox 869 568 1025 605; x_wconf 88' lang='lat' dir='ltr'>incessit</span> <span class='ocrx_word' id='word_1_59' title='bbox 1045 568 1179 605; x_wconf 84' lang='lat' dir='ltr'>Sabini</span> <span class='ocrx_word' id='word_1_60' title='bbox 1198 569 1289 605; x_wconf 86' lang='lat' dir='ltr'>belli</span> <span class='ocrx_word' id='word_1_61' title='bbox 1305 583 1314 615; x_wconf 80' lang='lat'><em>3</em></span> <span class='ocrx_word' id='word_1_62' title='bbox 1337 593 1366 609; x_wconf 75' lang='lat'>10</span> 
     </span>
     <span class='ocr_line' id='line_1_10' title="bbox 139 631 1316 683; baseline 0 -13"><span class='ocrx_word' id='word_1_63' title='bbox 139 633 358 683; x_wconf 90' lang='lat' dir='ltr'>dilectuque</span> <span class='ocrx_word' id='word_1_64' title='bbox 382 633 545 678; x_wconf 86' lang='lat' dir='ltr'>decreto,</span> <span class='ocrx_word' id='word_1_65' title='bbox 572 644 685 669; x_wconf 90' lang='lat' dir='ltr'>nemo</span> <span class='ocrx_word' id='word_1_66' title='bbox 709 644 849 668; x_wconf 90' lang='lat' dir='ltr'>nomen</span> <span class='ocrx_word' id='word_1_67' title='bbox 873 631 991 677; x_wconf 85' lang='lat' dir='ltr'>dedit,</span> <span class='ocrx_word' id='word_1_68' title='bbox 1013 631 1165 669; x_wconf 80' lang='lat' dir='ltr'>furente</span> <span class='ocrx_word' id='word_1_69' title='bbox 1185 633 1316 682; x_wconf 89' lang='lat' dir='ltr'>Appio</span> 
     </span>
     <span class='ocr_line' id='line_1_11' title="bbox 112 690 1316 747; baseline -0.001 -12"><span class='ocrx_word' id='word_1_70' title='bbox 112 690 116 694; x_wconf 58' lang='grc'><strong>’</strong></span> <span class='ocrx_word' id='word_1_71' title='bbox 139 702 179 735; x_wconf 88' lang='lat' dir='ltr'>et</span> <span class='ocrx_word' id='word_1_72' title='bbox 196 698 409 735; x_wconf 89' lang='lat' dir='ltr'>insectante</span> <span class='ocrx_word' id='word_1_73' title='bbox 427 697 677 734; x_wconf 80' lang='lat' dir='ltr'>ambitionem</span> <span class='ocrx_word' id='word_1_74' title='bbox 696 697 858 747; x_wconf 65' lang='lat' dir='ltr'>collegae,</span> <span class='ocrx_word' id='word_1_75' title='bbox 880 697 948 746; x_wconf 89' lang='lat' dir='ltr'>qui</span> <span class='ocrx_word' id='word_1_76' title='bbox 967 697 1142 747; x_wconf 87' lang='lat' dir='ltr'>populari</span> <span class='ocrx_word' id='word_1_77' title='bbox 1161 698 1316 735; x_wconf 86' lang='lat' dir='ltr'>silentio</span> 
     </span>
     <span class='ocr_line' id='line_1_12' title="bbox 139 762 1314 813; baseline 0.001 -14"><span class='ocrx_word' id='word_1_78' title='bbox 139 775 220 799; x_wconf 88' lang='lat' dir='ltr'>rem</span> <span class='ocrx_word' id='word_1_79' title='bbox 247 763 439 812; x_wconf 86' lang='lat' dir='ltr'>publicam</span> <span class='ocrx_word' id='word_1_80' title='bbox 468 763 647 812; x_wconf 88' lang='lat' dir='ltr'>proderet</span> <span class='ocrx_word' id='word_1_81' title='bbox 671 767 710 799; x_wconf 90' lang='lat' dir='ltr'>et</span> <span class='ocrx_word' id='word_1_82' title='bbox 733 762 782 799; x_wconf 89' lang='lat' dir='ltr'>ad</span> <span class='ocrx_word' id='word_1_83' title='bbox 810 762 862 807; x_wconf 89' lang='lat' dir='ltr'>id,</span> <span class='ocrx_word' id='word_1_84' title='bbox 880 762 983 811; x_wconf 90' lang='lat' dir='ltr'>quod</span> <span class='ocrx_word' id='word_1_85' title='bbox 1011 762 1058 799; x_wconf 87' lang='lat' dir='ltr'>de</span> <span class='ocrx_word' id='word_1_86' title='bbox 1087 763 1234 800; x_wconf 86' lang='lat' dir='ltr'>credita</span> <span class='ocrx_word' id='word_1_87' title='bbox 1252 777 1314 813; x_wconf 88' lang='lat' dir='ltr'>pe·</span> 
     </span>
     <span class='ocr_line' id='line_1_13' title="bbox 137 826 1313 873; baseline 0.001 -10"><span class='ocrx_word' id='word_1_88' title='bbox 137 827 251 863; x_wconf 87' lang='lat' dir='ltr'>cunia</span> <span class='ocrx_word' id='word_1_89' title='bbox 286 827 347 864; x_wconf 87' lang='lat' dir='ltr'>ius</span> <span class='ocrx_word' id='word_1_90' title='bbox 383 839 461 864; x_wconf 90' lang='lat' dir='ltr'>non</span> <span class='ocrx_word' id='word_1_91' title='bbox 497 826 669 873; x_wconf 83' lang='lat' dir='ltr'>dixisset,</span> <span class='ocrx_word' id='word_1_92' title='bbox 708 826 899 873; x_wconf 81' lang='lat' dir='ltr'>adiiceret,</span> <span class='ocrx_word' id='word_1_93' title='bbox 948 831 993 863; x_wconf 89' lang='lat' dir='ltr'>ut</span> <span class='ocrx_word' id='word_1_94' title='bbox 1038 840 1085 863; x_wconf 87' lang='lat' dir='ltr'>ne</span> <span class='ocrx_word' id='word_1_95' title='bbox 1131 827 1313 864; x_wconf 87' lang='lat' dir='ltr'>dilectum</span> 
     </span>
     <span class='ocr_line' id='line_1_14' title="bbox 137 891 1361 940; baseline 0.002 -12"><span class='ocrx_word' id='word_1_96' title='bbox 137 891 291 940; x_wconf 91' lang='lat' dir='ltr'>quidem</span> <span class='ocrx_word' id='word_1_97' title='bbox 317 904 366 928; x_wconf 84' lang='lat' dir='ltr'>ex</span> <span class='ocrx_word' id='word_1_98' title='bbox 389 896 544 929; x_wconf 87' lang='lat' dir='ltr'>senatus</span> <span class='ocrx_word' id='word_1_99' title='bbox 569 891 744 928; x_wconf 88' lang='lat' dir='ltr'>consulto</span> <span class='ocrx_word' id='word_1_100' title='bbox 768 891 949 928; x_wconf 85' lang='lat' dir='ltr'>haberet:</span> <span class='ocrx_word' id='word_1_101' title='bbox 978 904 1056 928; x_wconf 89' lang='lat' dir='ltr'>non</span> <span class='ocrx_word' id='word_1_102' title='bbox 1083 905 1163 929; x_wconf 90' lang='lat' dir='ltr'>esse</span> <span class='ocrx_word' id='word_1_103' title='bbox 1183 897 1314 930; x_wconf 85' lang='lat' dir='ltr'>tamen</span> <span class='ocrx_word' id='word_1_104' title='bbox 1335 911 1361 926; x_wconf 85' lang='lat'>11</span> 
     </span>
     <span class='ocr_line' id='line_1_15' title="bbox 136 957 1313 1006; baseline 0.001 -12"><span class='ocrx_word' id='word_1_105' title='bbox 136 957 327 994; x_wconf 85' lang='lat' dir='ltr'>desertam</span> <span class='ocrx_word' id='word_1_106' title='bbox 350 957 506 994; x_wconf 83' lang='lat' dir='ltr'>omnino</span> <span class='ocrx_word' id='word_1_107' title='bbox 530 969 611 993; x_wconf 91' lang='lat' dir='ltr'>rem</span> <span class='ocrx_word' id='word_1_108' title='bbox 637 957 828 1006; x_wconf 88' lang='lat' dir='ltr'>publicam</span> <span class='ocrx_word' id='word_1_109' title='bbox 854 969 979 1006; x_wconf 87' lang='lat' dir='ltr'>neque</span> <span class='ocrx_word' id='word_1_110' title='bbox 998 957 1210 1006; x_wconf 89' lang='lat' dir='ltr'>proiectum</span> <span class='ocrx_word' id='word_1_111' title='bbox 1229 971 1313 996; x_wconf 88' lang='lat' dir='ltr'>cou-</span> 
     </span>
     <span class='ocr_line' id='line_1_16' title="bbox 135 1021 1310 1070; baseline 0.001 -12"><span class='ocrx_word' id='word_1_112' title='bbox 135 1021 262 1058; x_wconf 87' lang='lat' dir='ltr'>sulare</span> <span class='ocrx_word' id='word_1_113' title='bbox 285 1021 517 1070; x_wconf 87' lang='lat' dir='ltr'>imperium;</span> <span class='ocrx_word' id='word_1_114' title='bbox 546 1033 586 1058; x_wconf 92' lang='lat' dir='ltr'>se</span> <span class='ocrx_word' id='word_1_115' title='bbox 610 1033 732 1057; x_wconf 90' lang='lat' dir='ltr'>unum</span> <span class='ocrx_word' id='word_1_116' title='bbox 752 1025 791 1058; x_wconf 91' lang='lat' dir='ltr'>et</span> <span class='ocrx_word' id='word_1_117' title='bbox 818 1033 895 1057; x_wconf 81' lang='lat' dir='ltr'>suae</span> <span class='ocrx_word' id='word_1_118' title='bbox 924 1025 963 1057; x_wconf 88' lang='lat' dir='ltr'>et</span> <span class='ocrx_word' id='word_1_119' title='bbox 989 1026 1144 1070; x_wconf 85' lang='lat' dir='ltr'>patrum</span> <span class='ocrx_word' id='word_1_120' title='bbox 1178 1022 1310 1059; x_wconf 88' lang='lat' dir='ltr'>maies-</span> 
     </span>
     <span class='ocr_line' id='line_1_17' title="bbox 137 1085 1361 1135; baseline 0.001 -12"><span class='ocrx_word' id='word_1_121' title='bbox 137 1087 231 1123; x_wconf 81' lang='lat' dir='ltr'>tatis</span> <span class='ocrx_word' id='word_1_122' title='bbox 258 1086 449 1123; x_wconf 81' lang='lat' dir='ltr'>vindicem</span> <span class='ocrx_word' id='word_1_123' title='bbox 486 1086 575 1124; x_wconf 90' lang='lat' dir='ltr'>fore.</span> <span class='ocrx_word' id='word_1_124' title='bbox 635 1085 764 1130; x_wconf 85' lang='lat' dir='ltr'>Quum</span> <span class='ocrx_word' id='word_1_125' title='bbox 794 1086 1060 1122; x_wconf 82' lang='lat' dir='ltr'>circumstaret</span> <span class='ocrx_word' id='word_1_126' title='bbox 1087 1086 1311 1135; x_wconf 86' lang='lat' dir='ltr'>quotidiana</span> <span class='ocrx_word' id='word_1_127' title='bbox 1332 1101 1361 1118; x_wconf 84' lang='lat'>¹²</span> 
     </span>
     <span class='ocr_line' id='line_1_18' title="bbox 136 1149 1312 1200; baseline 0.002 -14"><span class='ocrx_word' id='word_1_128' title='bbox 136 1149 347 1186; x_wconf 89' lang='lat' dir='ltr'>multitudo</span> <span class='ocrx_word' id='word_1_129' title='bbox 374 1149 530 1186; x_wconf 85' lang='lat' dir='ltr'>licentia</span> <span class='ocrx_word' id='word_1_130' title='bbox 557 1162 725 1195; x_wconf 86' lang='lat' dir='ltr'>accensa,</span> <span class='ocrx_word' id='word_1_131' title='bbox 746 1150 866 1199; x_wconf 84' lang='lat' dir='ltr'>arripi</span> <span class='ocrx_word' id='word_1_132' title='bbox 894 1163 1013 1186; x_wconf 86' lang='lat' dir='ltr'>unum</span> <span class='ocrx_word' id='word_1_133' title='bbox 1037 1151 1226 1200; x_wconf 85' lang='lat' dir='ltr'>insignem</span> <span class='ocrx_word' id='word_1_134' title='bbox 1247 1151 1312 1188; x_wconf 90' lang='lat' dir='ltr'>du-</span> 
     </span>
     <span class='ocr_line' id='line_1_19' title="bbox 135 1213 1311 1262; baseline 0.001 -12"><span class='ocrx_word' id='word_1_135' title='bbox 135 1226 217 1250; x_wconf 91' lang='lat' dir='ltr'>cem</span> <span class='ocrx_word' id='word_1_136' title='bbox 249 1213 480 1251; x_wconf 85' lang='lat' dir='ltr'>seditionum</span> <span class='ocrx_word' id='word_1_137' title='bbox 510 1213 633 1251; x_wconf 90' lang='lat' dir='ltr'>iussit.</span> <span class='ocrx_word' id='word_1_138' title='bbox 691 1213 764 1250; x_wconf 91' lang='lat' dir='ltr'>Ille</span> <span class='ocrx_word' id='word_1_139' title='bbox 795 1226 916 1262; x_wconf 88' lang='lat' dir='ltr'>quum</span> <span class='ocrx_word' id='word_1_140' title='bbox 947 1226 970 1249; x_wconf 85' lang='lat' dir='ltr'>a</span> <span class='ocrx_word' id='word_1_141' title='bbox 1000 1213 1199 1250; x_wconf 88' lang='lat' dir='ltr'>lictoribus</span> <span class='ocrx_word' id='word_1_142' title='bbox 1235 1215 1311 1251; x_wconf 82' lang='lat' dir='ltr'>iam</span> 
     </span>
     <span class='ocr_line' id='line_1_20' title="bbox 135 1278 1312 1328; baseline 0 -12"><span class='ocrx_word' id='word_1_143' title='bbox 135 1279 364 1325; x_wconf 85' lang='lat' dir='ltr'>traheretur,</span> <span class='ocrx_word' id='word_1_144' title='bbox 385 1279 611 1328; x_wconf 82' lang='lat' dir='ltr'>provocavit</span> <span class='ocrx_word' id='word_1_145' title='bbox 622 1293 633 1327; x_wconf 79' lang='lat'><em>3</em></span> <span class='ocrx_word' id='word_1_146' title='bbox 659 1291 730 1315; x_wconf 88' lang='lat' dir='ltr'>nec</span> <span class='ocrx_word' id='word_1_147' title='bbox 755 1278 928 1315; x_wconf 87' lang='lat' dir='ltr'>cessisset</span> <span class='ocrx_word' id='word_1_148' title='bbox 946 1279 1208 1327; x_wconf 85' lang='lat' dir='ltr'>provocationi</span> <span class='ocrx_word' id='word_1_149' title='bbox 1228 1292 1312 1316; x_wconf 89' lang='lat' dir='ltr'>con·</span> 
     </span>
     <span class='ocr_line' id='line_1_21' title="bbox 136 1342 1311 1392; baseline 0.001 -13"><span class='ocrx_word' id='word_1_150' title='bbox 136 1342 208 1390; x_wconf 91' lang='lat' dir='ltr'>sul,</span> <span class='ocrx_word' id='word_1_151' title='bbox 228 1343 321 1392; x_wconf 86' lang='lat' dir='ltr'>quia</span> <span class='ocrx_word' id='word_1_152' title='bbox 346 1355 425 1380; x_wconf 91' lang='lat' dir='ltr'>non</span> <span class='ocrx_word' id='word_1_153' title='bbox 453 1343 613 1380; x_wconf 90' lang='lat' dir='ltr'>dubium</span> <span class='ocrx_word' id='word_1_154' title='bbox 636 1347 720 1379; x_wconf 89' lang='lat' dir='ltr'>erat</span> <span class='ocrx_word' id='word_1_155' title='bbox 741 1342 875 1392; x_wconf 88' lang='lat' dir='ltr'>populi</span> <span class='ocrx_word' id='word_1_156' title='bbox 893 1342 1089 1389; x_wconf 87' lang='lat' dir='ltr'>iudicium,</span> <span class='ocrx_word' id='word_1_157' title='bbox 1111 1343 1184 1379; x_wconf 88' lang='lat' dir='ltr'>nisi</span> <span class='ocrx_word' id='word_1_158' title='bbox 1213 1356 1311 1392; x_wconf 82' lang='lat' dir='ltr'>aegre</span> 
     </span>
     <span class='ocr_line' id='line_1_22' title="bbox 137 1406 1311 1457; baseline 0.001 -13"><span class='ocrx_word' id='word_1_159' title='bbox 137 1407 240 1445; x_wconf 86' lang='lat' dir='ltr'>victa</span> <span class='ocrx_word' id='word_1_160' title='bbox 268 1408 481 1457; x_wconf 87' lang='lat' dir='ltr'>pertinacia</span> <span class='ocrx_word' id='word_1_161' title='bbox 516 1409 616 1445; x_wconf 86' lang='lat' dir='ltr'>foret</span> <span class='ocrx_word' id='word_1_162' title='bbox 652 1407 811 1444; x_wconf 91' lang='lat' dir='ltr'>consilio</span> <span class='ocrx_word' id='word_1_163' title='bbox 846 1406 968 1455; x_wconf 84' lang='lat' dir='ltr'>magis</span> <span class='ocrx_word' id='word_1_164' title='bbox 1003 1412 1043 1444; x_wconf 84' lang='lat' dir='ltr'>et</span> <span class='ocrx_word' id='word_1_165' title='bbox 1078 1409 1311 1445; x_wconf 89' lang='lat' dir='ltr'>auctoritate</span> 
     </span>
     <span class='ocr_line' id='line_1_23' title="bbox 135 1472 1312 1523; baseline 0 -13"><span class='ocrx_word' id='word_1_166' title='bbox 135 1473 355 1523; x_wconf 83' lang='lat' dir='ltr'>principum</span> <span class='ocrx_word' id='word_1_167' title='bbox 400 1486 517 1523; x_wconf 89' lang='lat' dir='ltr'>quam</span> <span class='ocrx_word' id='word_1_168' title='bbox 554 1472 686 1522; x_wconf 90' lang='lat' dir='ltr'>populi</span> <span class='ocrx_word' id='word_1_169' title='bbox 723 1472 910 1518; x_wconf 82' lang='lat' dir='ltr'>clamore;</span> <span class='ocrx_word' id='word_1_170' title='bbox 955 1472 1050 1509; x_wconf 89' lang='lat' dir='ltr'>adeo</span> <span class='ocrx_word' id='word_1_171' title='bbox 1086 1477 1312 1522; x_wconf 87' lang='lat' dir='ltr'>supererant</span> 
     </span>
     <span class='ocr_line' id='line_1_24' title="bbox 134 1536 1360 1580; baseline 0 -6"><span class='ocrx_word' id='word_1_172' title='bbox 134 1537 255 1574; x_wconf 82' lang='lat' dir='ltr'>animi</span> <span class='ocrx_word' id='word_1_173' title='bbox 306 1537 354 1574; x_wconf 88' lang='lat' dir='ltr'>ad</span> <span class='ocrx_word' id='word_1_174' title='bbox 401 1537 665 1574; x_wconf 87' lang='lat' dir='ltr'>sustinendam</span> <span class='ocrx_word' id='word_1_175' title='bbox 711 1536 909 1572; x_wconf 77' lang='lat' dir='ltr'>invidiam.</span> <span class='ocrx_word' id='word_1_176' title='bbox 995 1536 1170 1573; x_wconf 85' lang='lat' dir='ltr'>Crescere</span> <span class='ocrx_word' id='word_1_177' title='bbox 1221 1537 1310 1574; x_wconf 88' lang='lat' dir='ltr'>inde</span> <span class='ocrx_word' id='word_1_178' title='bbox 1330 1557 1360 1580; x_wconf 79' lang='lat'>13</span> 
     </span>
     <span class='ocr_line' id='line_1_25' title="bbox 134 1600 1308 1650; baseline 0 -13"><span class='ocrx_word' id='word_1_179' title='bbox 134 1600 279 1638; x_wconf 88' lang='lat' dir='ltr'>malum</span> <span class='ocrx_word' id='word_1_180' title='bbox 316 1601 357 1637; x_wconf 90' lang='lat' dir='ltr'>in</span> <span class='ocrx_word' id='word_1_181' title='bbox 395 1601 486 1646; x_wconf 88' lang='lat' dir='ltr'>dies,</span> <span class='ocrx_word' id='word_1_182' title='bbox 520 1613 599 1637; x_wconf 90' lang='lat' dir='ltr'>non</span> <span class='ocrx_word' id='word_1_183' title='bbox 629 1600 860 1637; x_wconf 88' lang='lat' dir='ltr'>clamoribus</span> <span class='ocrx_word' id='word_1_184' title='bbox 895 1600 1007 1637; x_wconf 91' lang='lat' dir='ltr'>modo</span> <span class='ocrx_word' id='word_1_185' title='bbox 1043 1601 1196 1650; x_wconf 85' lang='lat' dir='ltr'>apertis,</span> <span class='ocrx_word' id='word_1_186' title='bbox 1231 1600 1308 1646; x_wconf 88' lang='lat' dir='ltr'>sed,</span> 
     </span>
     <span class='ocr_line' id='line_1_26' title="bbox 135 1653 1309 1715; baseline -0.001 -13"><span class='ocrx_word' id='word_1_187' title='bbox 135 1665 237 1715; x_wconf 93' lang='lat' dir='ltr'>quod</span> <span class='ocrx_word' id='word_1_188' title='bbox 253 1653 392 1703; x_wconf 81' lang='lat' dir='ltr'>¹multo</span> <span class='ocrx_word' id='word_1_189' title='bbox 419 1665 669 1715; x_wconf 86' lang='lat' dir='ltr'>perniciosius</span> <span class='ocrx_word' id='word_1_190' title='bbox 706 1669 799 1711; x_wconf 86' lang='lat' dir='ltr'>erat,</span> <span class='ocrx_word' id='word_1_191' title='bbox 829 1664 1038 1701; x_wconf 84' lang='lat' dir='ltr'>secessione</span> <span class='ocrx_word' id='word_1_192' title='bbox 1075 1664 1309 1714; x_wconf 86' lang='lat' dir='ltr'>occultisque</span> 
     </span>
     <span class='ocr_line' id='line_1_27' title="bbox 133 1729 1309 1779; baseline -0.001 -12"><span class='ocrx_word' id='word_1_193' title='bbox 133 1729 342 1779; x_wconf 83' lang='lat' dir='ltr'>colloquiis.</span> <span class='ocrx_word' id='word_1_194' title='bbox 409 1730 580 1767; x_wconf 84' lang='lat' dir='ltr'>Tandem</span> <span class='ocrx_word' id='word_1_195' title='bbox 608 1729 725 1767; x_wconf 89' lang='lat' dir='ltr'>invisi</span> <span class='ocrx_word' id='word_1_196' title='bbox 752 1729 855 1779; x_wconf 91' lang='lat' dir='ltr'>plebi</span> <span class='ocrx_word' id='word_1_197' title='bbox 885 1730 1057 1767; x_wconf 89' lang='lat' dir='ltr'>consules</span> <span class='ocrx_word' id='word_1_198' title='bbox 1082 1730 1309 1779; x_wconf 83' lang='lat' dir='ltr'>magistratu</span> 
     </span>
     <span class='ocr_line' id='line_1_28' title="bbox 133 1794 1310 1844; baseline -0.001 -12"><span class='ocrx_word' id='word_1_199' title='bbox 133 1795 288 1843; x_wconf 88' lang='lat' dir='ltr'>abeunt,</span> <span class='ocrx_word' id='word_1_200' title='bbox 340 1794 527 1832; x_wconf 78' lang='lat' dir='ltr'>Servilius</span> <span class='ocrx_word' id='word_1_201' title='bbox 573 1795 733 1841; x_wconf 87' lang='lat' dir='ltr'>neutris,</span> <span class='ocrx_word' id='word_1_202' title='bbox 782 1795 936 1844; x_wconf 91' lang='lat' dir='ltr'>Appius</span> <span class='ocrx_word' id='word_1_203' title='bbox 987 1795 1162 1844; x_wconf 83' lang='lat' dir='ltr'>patribus</span> <span class='ocrx_word' id='word_1_204' title='bbox 1214 1795 1310 1831; x_wconf 89' lang='lat' dir='ltr'>mire</span> 
     </span>
    </p>
   </div>
   <div class='ocr_carea' id='block_1_4' title="bbox 132 1863 1377 1972">
    <p class='ocr_par' dir='ltr' id='par_1_4' title="bbox 132 1863 1377 1972">
     <span class='ocr_line' id='line_1_29' title="bbox 178 1863 274 1896; baseline 0.01 -1"><span class='ocrx_word' id='word_1_205' title='bbox 178 1863 274 1896; x_wconf 85' lang='lat' dir='ltr'>atus.</span> 
     </span>
     <span class='ocr_line' id='line_1_30' title="bbox 132 1871 1377 1972; baseline -0.001 -12"><span class='ocrx_word' id='word_1_206' title='bbox 132 1871 178 1908; x_wconf 64' lang='lat' dir='ltr'>gr</span> <span class='ocrx_word' id='word_1_207' title='bbox 211 1923 262 1960; x_wconf 71' lang='lat' dir='ltr'>A,</span> <span class='ocrx_word' id='word_1_208' title='bbox 302 1923 514 1972; x_wconf 85' lang='lat' dir='ltr'>Verginius</span> <span class='ocrx_word' id='word_1_209' title='bbox 558 1923 650 1960; x_wconf 87' lang='lat' dir='ltr'>inde</span> <span class='ocrx_word' id='word_1_210' title='bbox 686 1928 725 1960; x_wconf 88' lang='lat' dir='ltr'>et</span> <span class='ocrx_word' id='word_1_211' title='bbox 762 1923 803 1959; x_wconf 88' lang='lat' dir='ltr'>T.</span> <span class='ocrx_word' id='word_1_212' title='bbox 844 1923 1032 1959; x_wconf 86' lang='lat' dir='ltr'>Vetusius</span> <span class='ocrx_word' id='word_1_213' title='bbox 1069 1923 1309 1960; x_wconf 84' lang='lat' dir='ltr'>consulatum</span> <span class='ocrx_word' id='word_1_214' title='bbox 1329 1923 1377 1960; x_wconf 88' lang='lat'>28</span> 
     </span>
    </p>
   </div>
   <div class='ocr_carea' id='block_1_5' title="bbox 132 1986 1311 2045">
    <p class='ocr_par' dir='ltr' id='par_1_5' title="bbox 132 1986 1311 2045">
     <span class='ocr_line' id='line_1_31' title="bbox 132 1986 1311 2045; baseline 0 -22"><span class='ocrx_word' id='word_1_215' title='bbox 132 1986 278 2023; x_wconf 90' lang='lat' dir='ltr'>ineunt.</span> <span class='ocrx_word' id='word_1_216' title='bbox 336 1986 435 2023; x_wconf 84' lang='lat' dir='ltr'>Tum</span> <span class='ocrx_word' id='word_1_217' title='bbox 462 1999 553 2024; x_wconf 86' lang='lat' dir='ltr'>vero</span> <span class='ocrx_word' id='word_1_218' title='bbox 577 1987 686 2036; x_wconf 89' lang='lat' dir='ltr'>plebs</span> <span class='ocrx_word' id='word_1_219' title='bbox 712 1988 869 2033; x_wconf 88' lang='lat' dir='ltr'>incerta,</span> <span class='ocrx_word' id='word_1_220' title='bbox 896 1987 1028 2036; x_wconf 88' lang='lat' dir='ltr'>quales</span> <span class='ocrx_word' id='word_1_221' title='bbox 1061 2016 1169 2045; x_wconf 68' lang='lat' dir='ltr'>Nightlv</span> <span class='ocrx_word' id='word_1_222' title='bbox 1223 2015 1311 2040; x_wconf 72' lang='lat' dir='ltr'>ather-</span> 
     </span>
    </p>
   </div>
   <div class='ocr_carea' id='block_1_6' title="bbox 133 2023 1311 2107">
    <p class='ocr_par' dir='ltr' id='par_1_6' title="bbox 133 2023 1311 2107">
     <span class='ocr_line' id='line_1_32' title="bbox 133 2023 1311 2107; baseline -0.001 -19"><span class='ocrx_word' id='word_1_223' title='bbox 133 2050 315 2088; x_wconf 85' lang='lat' dir='ltr'>habitura</span> <span class='ocrx_word' id='word_1_224' title='bbox 337 2051 512 2089; x_wconf 78' lang='lat' dir='ltr'>consules</span> <span class='ocrx_word' id='word_1_225' title='bbox 534 2056 646 2096; x_wconf 87' lang='lat' dir='ltr'>esset,</span> <span class='ocrx_word' id='word_1_226' title='bbox 666 2056 786 2089; x_wconf 87' lang='lat' dir='ltr'>coetus</span> <span class='ocrx_word' id='word_1_227' title='bbox 804 2056 1021 2098; x_wconf 89' lang='lat' dir='ltr'>nocturnos,</span> <span class='ocrx_word' id='word_1_228' title='bbox 1057 2023 1311 2107; x_wconf 46' lang='grc' dir='ltr'>ῗξξγοῐξζῗὲὼξξξ</span> 
     </span>
    </p>
   </div>
   <div class='ocr_carea' id='block_1_7' title="bbox 132 2108 1311 2166">
    <p class='ocr_par' dir='ltr' id='par_1_7' title="bbox 132 2108 1311 2166">
     <span class='ocr_line' id='line_1_33' title="bbox 132 2108 1311 2166; baseline -0.001 -13"><span class='ocrx_word' id='word_1_229' title='bbox 132 2127 221 2165; x_wconf 81' lang='lat' dir='ltr'>pars</span> <span class='ocrx_word' id='word_1_230' title='bbox 249 2115 445 2165; x_wconf 84' lang='lat' dir='ltr'>Esquiliis,</span> <span class='ocrx_word' id='word_1_231' title='bbox 470 2129 558 2166; x_wconf 84' lang='lat' dir='ltr'>pars</span> <span class='ocrx_word' id='word_1_232' title='bbox 585 2116 627 2152; x_wconf 89' lang='lat' dir='ltr'>in</span> <span class='ocrx_word' id='word_1_233' title='bbox 656 2117 869 2162; x_wconf 79' lang='lat' dir='ltr'>Aventino,</span> <span class='ocrx_word' id='word_1_234' title='bbox 889 2117 1022 2161; x_wconf 84' lang='lat' dir='ltr'>facere,</span> <span class='ocrx_word' id='word_1_235' title='bbox 1056 2108 1159 2163; x_wconf 47' lang='lat' dir='ltr'>{523¹ss</span> <span class='ocrx_word' id='word_1_236' title='bbox 1173 2108 1311 2163; x_wconf 49' lang='grc' dir='ltr'>’ξοωῇεξξ</span> 
     </span>
    </p>
   </div>
   <div class='ocr_carea' id='block_1_8' title="bbox 133 2175 1195 2289">
    <p class='ocr_par' dir='ltr' id='par_1_8' title="bbox 133 2175 1195 2289">
     <span class='ocr_line' id='line_1_34' title="bbox 133 2175 1148 2229; baseline -0.002 -13"><span class='ocrx_word' id='word_1_237' title='bbox 133 2191 182 2216; x_wconf 87' lang='lat' dir='ltr'>ne</span> <span class='ocrx_word' id='word_1_238' title='bbox 207 2179 250 2215; x_wconf 90' lang='lat' dir='ltr'>in</span> <span class='ocrx_word' id='word_1_239' title='bbox 277 2179 361 2216; x_wconf 70' lang='lat' dir='ltr'>foro</span> <span class='ocrx_word' id='word_1_240' title='bbox 388 2179 527 2216; x_wconf 85' lang='lat' dir='ltr'>subitis</span> <span class='ocrx_word' id='word_1_241' title='bbox 553 2179 766 2229; x_wconf 86' lang='lat' dir='ltr'>trepidaret</span> <span class='ocrx_word' id='word_1_242' title='bbox 793 2179 962 2216; x_wconf 89' lang='lat' dir='ltr'>consiliis</span> <span class='ocrx_word' id='word_1_243' title='bbox 986 2183 1026 2215; x_wconf 87' lang='lat' dir='ltr'>et</span> <span class='ocrx_word' id='word_1_244' title='bbox 1056 2175 1148 2193; x_wconf 57' lang='lat' dir='ltr'>⁰⁸⁰¹oe</span> 
     </span>
     <span class='ocr_line' id='line_1_35' title="bbox 245 2248 1195 2289; baseline -0.002 0"><span class='ocrx_word' id='word_1_245' title='bbox 245 2259 276 2289; x_wconf 92' lang='lat' dir='ltr'>s.</span> <span class='ocrx_word' id='word_1_246' title='bbox 299 2259 334 2289; x_wconf 74' lang='lat' dir='ltr'>n</span> <span class='ocrx_word' id='word_1_247' title='bbox 1171 2248 1195 2287; x_wconf 90' lang='lat'><strong>3</strong></span> 
     </span>
    </p>
   </div>
  </div>
 </body>
</html>
