1438 2466
131 127 182 163 48
653 129 802 166 LIVII
947 128 1076 182 [A.U.c.
1103 132 1226 179 263-
1235 133 1308 168 266

132 225 358 275 Longulam,
379 225 592 273 Poluscam,
621 226 804 273 Coriolos,
831 228 985 265 novella
1012 228 1093 265 haec
1121 229 1309 267 Romanis

97 305 112 328 ⁴
129 290 269 339 oppida
287 290 432 326 ademit
444 304 454 338 3
483 290 573 327 inde
593 290 800 328 Lavinium
826 292 970 341 recepit
982 306 992 339 3
1020 297 1105 329 tum
1130 294 1309 344 deinceps

129 354 369 401 Corbionem,
391 354 606 401 Vitelliam,
624 355 818 402 Trebium,
835 356 1008 403 Lavioes,
1026 357 1174 395 Pedum
1193 359 1305 408 cepit.

96 430 110 452 5
128 419 371 456 Postremum
391 419 439 456 ad
458 420 593 456 urbem
612 433 635 456 a
654 420 760 457 Pedo
782 421 900 469 ducit,
921 427 960 459 et
985 423 1033 459 ad
1058 422 1179 460 fossas
1205 424 1308 461 Clui-

126 484 197 521 lias
234 485 404 533 quinque
436 485 484 521 ab
513 485 608 521 urbe
635 485 758 521 millia
786 499 967 535 passuum
996 489 1131 525 castris
1159 489 1304 537 positis,

126 549 336 597 populatur
372 549 462 586 inde
499 562 634 598 agrum
672 549 905 598 Romanum,
945 553 1168 590 custodibus
1204 555 1307 591 inter

95 628 111 652 6
125 614 370 662 populatores
388 614 525 659 missis,
547 614 613 663 qui
632 615 881 663 patriciorum
901 629 1012 666 agros
1037 618 1204 656 intactos
1229 631 1304 656 ser·

125 682 272 726 varent,
287 678 368 715 sive
385 678 560 715 infensus
579 678 682 727 plebi
701 681 823 729 magis
843 681 924 718 sive
943 686 988 718 ut
1007 682 1197 719 discordia
1215 683 1306 721 inde

94 754 108 778 7
124 743 228 780 inter
254 747 384 792 patres
411 742 638 791 plebemque
667 747 850 781 oreretur.
909 745 1002 790 Quae
1028 745 1200 795 profecto
1219 752 1305 785 orta

123 812 222 845 esset
243 808 352 858 (adeo
378 807 528 843 tribuni
552 808 630 844 iam
658 808 822 845 ferocem
847 822 915 858 per
939 823 979 847 se
1004 811 1154 859 plebem
1181 812 1305 849 crimi-

122 874 250 910 nando
269 873 311 909 in
330 873 517 922 primores
535 872 706 909 civitatis
725 873 980 925 instigabant)
994 888 1005 921 3
1033 876 1099 912 sed
1119 882 1303 914 externus

121 938 248 985 timor,
284 937 498 974 maximum
531 937 741 973 concordiae
773 937 984 984 vinculum,
1016 942 1194 988 quamvis
1226 954 1303 978 sus-

91 1008 106 1033 8
121 1006 250 1051 pectos
269 1002 516 1051 infensosque
537 1002 641 1038 inter
660 1014 699 1038 se
718 1001 904 1051 iungebat
922 1003 1081 1041 animos.
1130 1005 1178 1041 Id
1190 1005 1302 1043 modo

122 1081 199 1104 non
229 1067 491 1113 conveniebat,
519 1066 621 1116 quod
651 1071 806 1104 senatus
836 1068 1086 1117 consulesque
1111 1082 1301 1119 nusquam

120 1132 215 1169 alibi
247 1145 352 1181 spem
387 1144 501 1181 quam
534 1131 577 1167 in
613 1131 730 1167 armis
767 1132 972 1180 ponebant,
1005 1133 1135 1181 plebes
1173 1135 1302 1171 omnia

87 1212 103 1236 9
120 1211 235 1247 quam
274 1197 417 1233 bellum
455 1196 631 1233 malebat.
699 1196 762 1245 Sp.
803 1196 977 1233 Nautius
1013 1198 1091 1234 iam
1128 1203 1168 1235 et
1212 1199 1298 1236 Sex,

120 1263 262 1299 Furius
280 1262 452 1299 consules
472 1266 591 1298 erant.
650 1260 726 1298 Eos
744 1266 985 1298 recensentes
1005 1263 1184 1311 legioneS,
1205 1277 1298 1312 prae-

118 1328 218 1365 sidia
235 1341 303 1378 per
321 1340 451 1364 muros
470 1327 632 1376 aliaque,
648 1326 689 1362 in
709 1327 849 1375 quibus
868 1327 1054 1364 stationes
1072 1329 1300 1379 vigiliasque

119 1407 200 1431 esse
232 1393 441 1443 placuerat,
475 1393 557 1429 loca
595 1392 881 1439 distribuentes,
914 1393 1126 1430 multitudo
1163 1394 1299 1444 ingens

119 1471 248 1508 pacem
266 1458 506 1508 poscentium
521 1456 689 1506 primum
702 1456 883 1493 seditioso
896 1456 1059 1493 clamore
1072 1459 1296 1504 conterruit,

119 1522 257 1559 deinde
276 1534 411 1558 vocare
431 1525 620 1566 senatum,
642 1519 784 1556 referre
804 1520 851 1556 de
870 1520 1005 1568 legatis
1030 1521 1076 1557 ad
1104 1521 1172 1558 Cn.
1195 1522 1298 1558 Mar-

71 1601 103 1617 10
119 1588 220 1626 cium
240 1587 441 1624 mittendis
460 1585 594 1634 coegit.
648 1585 894 1633 Acceperunt
911 1585 1136 1621 relationem
1157 1590 1295 1635 patres,

119 1658 322 1703 postquam
341 1652 522 1702 apparuit
541 1651 671 1687 labare
696 1650 819 1699 plebis
844 1650 991 1686 animos
1004 1663 1014 1696 3
1043 1650 1225 1700 missique
1250 1651 1298 1688 de

120 1731 210 1768 pace
247 1717 296 1754 ad
324 1716 516 1753 Marcium
546 1719 716 1751 oratores
744 1718 857 1750 atrox
885 1727 1110 1763 responsum
1139 1715 1297 1752 rettule-

72 1804 98 1820 ιι
119 1787 235 1821 runt:
263 1783 297 1820 si
325 1781 477 1819 Volscis
505 1793 595 1829 ager
622 1780 858 1825 redderetur,
882 1792 990 1828 posse
1018 1780 1079 1828 agi
1108 1779 1154 1816 de
1182 1793 1273 1829 pace
1286 1794 1296 1827 5

119 1850 151 1887 si
179 1849 306 1898 praeda
333 1847 426 1884 belli
453 1859 521 1896 per
549 1846 672 1883 otium
700 1845 778 1881 frui
799 1844 930 1890 velint,
955 1858 1161 1882 memorem
1190 1859 1229 1882 se
1258 1850 1297 1882 et

118 1914 262 1951 civium
299 1912 450 1949 iniuriae
484 1915 523 1947 et
555 1911 752 1959 hospitum
781 1909 955 1946 beneficii
983 1909 1221 1955 annisurum,
1251 1915 1296 1947 ut

119 1982 303 2028 appareat
322 1976 458 2014 exsilio
478 1976 551 2012 sibi
570 1975 755 2020 irritatos,
776 1987 855 2011 non
874 1974 1016 2011 fractos
1035 1975 1183 2011 animos
1203 1987 1292 2012 esse.

72 2063 102 2080 12
119 2045 270 2080 Iterum
290 2040 428 2078 deinde
446 2039 563 2076 iidem
590 2039 697 2075 missi
722 2052 800 2075 non
826 2038 1067 2087 recipiuntur
1091 2039 1134 2074 in
1159 2043 1293 2076 castra.

119 2105 343 2145 Sacerdotes
361 2115 514 2153 quoque
534 2103 613 2139 suis
627 2102 844 2151 insignibus
860 2102 1005 2138 velatos
1020 2102 1093 2138 isse
1107 2101 1296 2150 supplices

119 2173 166 2209 ad
195 2174 321 2208 castra
348 2169 529 2213 hostium,
551 2167 738 2203 traditum
767 2171 826 2203 est
840 2180 850 2213 3
879 2166 1002 2203 nihilo
1030 2167 1152 2215 magis
1180 2179 1295 2215 quam

51 2239 102 2276 40
119 2238 262 2287 legatos
281 2234 431 2271 flexisse
450 2234 632 2269 animum.
689 2233 786 2268 Tum
808 2237 992 2268 matronae
1017 2231 1067 2268 ad
1088 2231 1294 2285 Veturiam
