<?xml version="1.0" encoding="UTF-8"?>
<!DOCTYPE html PUBLIC "-//W3C//DTD XHTML 1.0 Transitional//EN"
    "http://www.w3.org/TR/xhtml1/DTD/xhtml1-transitional.dtd">
<html xmlns="http://www.w3.org/1999/xhtml" xml:lang="en" lang="en">
 <head>
  <title>
</title>
<meta http-equiv="Content-Type" content="text/html;charset=utf-8" />
  <meta name='ocr-system' content='tesseract 3.04.00' />
  <meta name='ocr-capabilities' content='ocr_page ocr_carea ocr_par ocr_line ocrx_word'/>
</head>
<body>
  <div class='ocr_page' id='page_1' title='image "./booksiiiii00livyuoft_0119.png"; bbox 0 0 1438 2466; ppageno 0'>
   <div class='ocr_carea' id='block_1_1' title="bbox 98 133 1274 186">
    <p class='ocr_par' dir='ltr' id='par_1_1' title="bbox 98 133 1274 186">
     <span class='ocr_line' id='line_1_1' title="bbox 98 133 1274 186; baseline -0.001 -12"><span class='ocrx_word' id='word_1_1' title='bbox 98 146 201 174; x_wconf 40' lang='lat' dir='ltr'><strong>tica.</strong></span> <span class='ocrx_word' id='word_1_2' title='bbox 224 133 317 186; x_wconf 79' lang='lat'><strong>464]</strong></span> <span class='ocrx_word' id='word_1_3' title='bbox 540 134 710 171; x_wconf 75' lang='lat' dir='ltr'><em>LIBER</em></span> <span class='ocrx_word' id='word_1_4' title='bbox 749 135 832 172; x_wconf 84' lang='lat' dir='ltr'><em>JJJ.</em></span> <span class='ocrx_word' id='word_1_5' title='bbox 1228 139 1274 174; x_wconf 64' lang='lat'><strong>87</strong></span> 
     </span>
    </p>
   </div>
   <div class='ocr_carea' id='block_1_2' title="bbox 85 233 1338 2285">
    <p class='ocr_par' dir='ltr' id='par_1_2' title="bbox 85 233 1328 1702">
     <span class='ocr_line' id='line_1_2' title="bbox 97 233 1311 284; baseline 0.002 -13"><span class='ocrx_word' id='word_1_6' title='bbox 97 234 278 271; x_wconf 76' lang='lat' dir='ltr'><strong>venisset.</strong></span> <span class='ocrx_word' id='word_1_7' title='bbox 336 233 378 271; x_wconf 92' lang='lat' dir='ltr'><strong>Is</strong></span> <span class='ocrx_word' id='word_1_8' title='bbox 407 234 579 270; x_wconf 85' lang='lat' dir='ltr'><strong>intentos</strong></span> <span class='ocrx_word' id='word_1_9' title='bbox 608 234 650 270; x_wconf 90' lang='lat' dir='ltr'><strong>in</strong></span> <span class='ocrx_word' id='word_1_10' title='bbox 683 238 808 270; x_wconf 81' lang='lat' dir='ltr'><strong>castra</strong></span> <span class='ocrx_word' id='word_1_11' title='bbox 839 234 1017 271; x_wconf 83' lang='lat' dir='ltr'><strong>Romana</strong></span> <span class='ocrx_word' id='word_1_12' title='bbox 1050 235 1199 284; x_wconf 87' lang='lat' dir='ltr'><strong>AEquos</strong></span> <span class='ocrx_word' id='word_1_13' title='bbox 1228 235 1277 272; x_wconf 87' lang='lat' dir='ltr'><strong>le·</strong></span> <span class='ocrx_word' id='word_1_14' title='bbox 1295 250 1311 274; x_wconf 91' lang='lat'>9</span> 
     </span>
     <span class='ocr_line' id='line_1_3' title="bbox 97 298 1276 349; baseline 0.001 -13"><span class='ocrx_word' id='word_1_15' title='bbox 97 299 254 348; x_wconf 76' lang='lat' dir='ltr'><strong>gatique</strong></span> <span class='ocrx_word' id='word_1_16' title='bbox 281 304 399 349; x_wconf 84' lang='lat' dir='ltr'><strong>caput</strong></span> <span class='ocrx_word' id='word_1_17' title='bbox 421 298 601 336; x_wconf 84' lang='lat' dir='ltr'><strong>ferociter</strong></span> <span class='ocrx_word' id='word_1_18' title='bbox 629 303 871 336; x_wconf 72' lang='lat' dir='ltr'><strong>ostentantes</strong></span> <span class='ocrx_word' id='word_1_19' title='bbox 899 299 947 335; x_wconf 85' lang='lat' dir='ltr'><strong>ab</strong></span> <span class='ocrx_word' id='word_1_20' title='bbox 972 304 1081 348; x_wconf 87' lang='lat' dir='ltr'><strong>tergo</strong></span> <span class='ocrx_word' id='word_1_21' title='bbox 1108 299 1276 343; x_wconf 83' lang='lat' dir='ltr'><strong>adortus,</strong></span> 
     </span>
     <span class='ocr_line' id='line_1_4' title="bbox 97 361 1275 411; baseline 0 -13"><span class='ocrx_word' id='word_1_22' title='bbox 97 361 213 399; x_wconf 88' lang='lat' dir='ltr'><strong>simul</strong></span> <span class='ocrx_word' id='word_1_23' title='bbox 240 361 289 399; x_wconf 85' lang='lat' dir='ltr'><strong>ad</strong></span> <span class='ocrx_word' id='word_1_24' title='bbox 317 362 469 411; x_wconf 89' lang='lat' dir='ltr'><strong>signum</strong></span> <span class='ocrx_word' id='word_1_25' title='bbox 497 374 520 397; x_wconf 82' lang='lat' dir='ltr'><strong>a</strong></span> <span class='ocrx_word' id='word_1_26' title='bbox 547 374 587 398; x_wconf 91' lang='lat' dir='ltr'><strong>se</strong></span> <span class='ocrx_word' id='word_1_27' title='bbox 615 361 748 410; x_wconf 89' lang='lat' dir='ltr'><strong>procul</strong></span> <span class='ocrx_word' id='word_1_28' title='bbox 774 361 923 398; x_wconf 88' lang='lat' dir='ltr'><strong>editum</strong></span> <span class='ocrx_word' id='word_1_29' title='bbox 943 375 991 398; x_wconf 85' lang='lat' dir='ltr'><strong>ex</strong></span> <span class='ocrx_word' id='word_1_30' title='bbox 1011 362 1146 399; x_wconf 83' lang='lat' dir='ltr'><strong>castris</strong></span> <span class='ocrx_word' id='word_1_31' title='bbox 1166 375 1275 411; x_wconf 86' lang='lat' dir='ltr'><strong>erup-</strong></span> 
     </span>
     <span class='ocr_line' id='line_1_5' title="bbox 97 425 1328 475; baseline -0.002 -13"><span class='ocrx_word' id='word_1_32' title='bbox 97 425 204 463; x_wconf 85' lang='lat' dir='ltr'><strong>tione</strong></span> <span class='ocrx_word' id='word_1_33' title='bbox 221 426 334 472; x_wconf 84' lang='lat' dir='ltr'><strong>facta,</strong></span> <span class='ocrx_word' id='word_1_34' title='bbox 354 438 532 475; x_wconf 81' lang='lat' dir='ltr'><strong>magnam</strong></span> <span class='ocrx_word' id='word_1_35' title='bbox 551 425 630 461; x_wconf 88' lang='lat' dir='ltr'><strong>vim</strong></span> <span class='ocrx_word' id='word_1_36' title='bbox 650 425 820 462; x_wconf 88' lang='lat' dir='ltr'><strong>hostium</strong></span> <span class='ocrx_word' id='word_1_37' title='bbox 836 425 1100 462; x_wconf 87' lang='lat' dir='ltr'><strong>circumvenit.</strong></span> <span class='ocrx_word' id='word_1_38' title='bbox 1146 425 1277 461; x_wconf 83' lang='lat' dir='ltr'><strong>Minor</strong></span> <span class='ocrx_word' id='word_1_39' title='bbox 1299 444 1328 459; x_wconf 73' lang='grc' dir='ltr'><strong>ιο</strong></span> 
     </span>
     <span class='ocr_line' id='line_1_6' title="bbox 98 489 1276 541; baseline -0.003 -12"><span class='ocrx_word' id='word_1_40' title='bbox 98 491 229 538; x_wconf 84' lang='lat' dir='ltr'><strong>caedes,</strong></span> <span class='ocrx_word' id='word_1_41' title='bbox 250 491 344 541; x_wconf 87' lang='lat' dir='ltr'><strong>fuga</strong></span> <span class='ocrx_word' id='word_1_42' title='bbox 361 491 518 528; x_wconf 86' lang='lat' dir='ltr'><strong>effusior</strong></span> <span class='ocrx_word' id='word_1_43' title='bbox 546 490 766 539; x_wconf 87' lang='lat' dir='ltr'><strong>AEquorum</strong></span> <span class='ocrx_word' id='word_1_44' title='bbox 795 490 837 526; x_wconf 90' lang='lat' dir='ltr'><strong>in</strong></span> <span class='ocrx_word' id='word_1_45' title='bbox 864 502 955 538; x_wconf 86' lang='lat' dir='ltr'><strong>agro</strong></span> <span class='ocrx_word' id='word_1_46' title='bbox 983 489 1059 526; x_wconf 88' lang='lat' dir='ltr'><strong>fuit</strong></span> <span class='ocrx_word' id='word_1_47' title='bbox 1087 489 1276 535; x_wconf 75' lang='lat' dir='ltr'><strong>Romano,</strong></span> 
     </span>
     <span class='ocr_line' id='line_1_7' title="bbox 97 554 1278 606; baseline -0.003 -12"><span class='ocrx_word' id='word_1_48' title='bbox 97 556 140 593; x_wconf 85' lang='lat' dir='ltr'><strong>in</strong></span> <span class='ocrx_word' id='word_1_49' title='bbox 167 569 262 606; x_wconf 93' lang='lat' dir='ltr'><strong>quos</strong></span> <span class='ocrx_word' id='word_1_50' title='bbox 291 556 440 606; x_wconf 84' lang='lat' dir='ltr'><strong>palatos</strong></span> <span class='ocrx_word' id='word_1_51' title='bbox 476 555 646 604; x_wconf 82' lang='lat' dir='ltr'><strong>praedam</strong></span> <span class='ocrx_word' id='word_1_52' title='bbox 679 559 836 604; x_wconf 85' lang='lat' dir='ltr'><strong>agentes</strong></span> <span class='ocrx_word' id='word_1_53' title='bbox 873 554 1097 591; x_wconf 88' lang='lat' dir='ltr'><strong>Postumius</strong></span> <span class='ocrx_word' id='word_1_54' title='bbox 1129 554 1278 603; x_wconf 83' lang='lat' dir='ltr'><strong>aliquot</strong></span> 
     </span>
     <span class='ocr_line' id='line_1_8' title="bbox 98 618 1274 671; baseline -0.003 -13"><span class='ocrx_word' id='word_1_55' title='bbox 98 620 202 666; x_wconf 84' lang='lat' dir='ltr'><strong>locis,</strong></span> <span class='ocrx_word' id='word_1_56' title='bbox 222 621 362 671; x_wconf 87' lang='lat' dir='ltr'><strong>quibus</strong></span> <span class='ocrx_word' id='word_1_57' title='bbox 387 625 605 669; x_wconf 88' lang='lat' dir='ltr'><strong>opportuna</strong></span> <span class='ocrx_word' id='word_1_58' title='bbox 623 619 858 668; x_wconf 82' lang='lat' dir='ltr'><strong>imposuerat</strong></span> <span class='ocrx_word' id='word_1_59' title='bbox 876 618 1064 668; x_wconf 86' lang='lat' dir='ltr'><strong>praesidia,</strong></span> <span class='ocrx_word' id='word_1_60' title='bbox 1085 618 1274 666; x_wconf 88' lang='lat' dir='ltr'><strong>impetum</strong></span> 
     </span>
     <span class='ocr_line' id='line_1_9' title="bbox 85 682 1277 733; baseline -0.003 -11"><span class='ocrx_word' id='word_1_61' title='bbox 85 685 215 722; x_wconf 80' lang='lat' dir='ltr'><strong>dedit.</strong></span> <span class='ocrx_word' id='word_1_62' title='bbox 271 684 330 721; x_wconf 83' lang='lat' dir='ltr'><strong>Hi</strong></span> <span class='ocrx_word' id='word_1_63' title='bbox 354 684 441 733; x_wconf 86' lang='lat' dir='ltr'><strong>vagi</strong></span> <span class='ocrx_word' id='word_1_64' title='bbox 463 683 646 733; x_wconf 85' lang='lat' dir='ltr'><strong>dissipato</strong></span> <span class='ocrx_word' id='word_1_65' title='bbox 672 683 824 732; x_wconf 82' lang='lat' dir='ltr'><strong>agmine</strong></span> <span class='ocrx_word' id='word_1_66' title='bbox 849 682 1040 732; x_wconf 87' lang='lat' dir='ltr'><strong>fugientes</strong></span> <span class='ocrx_word' id='word_1_67' title='bbox 1068 683 1110 719; x_wconf 92' lang='lat' dir='ltr'><strong>in</strong></span> <span class='ocrx_word' id='word_1_68' title='bbox 1139 682 1277 727; x_wconf 85' lang='lat' dir='ltr'><strong>Quinc-</strong></span> 
     </span>
     <span class='ocr_line' id='line_1_10' title="bbox 98 747 1275 787; baseline -0.003 0"><span class='ocrx_word' id='word_1_69' title='bbox 98 750 197 787; x_wconf 88' lang='lat' dir='ltr'><strong>tium</strong></span> <span class='ocrx_word' id='word_1_70' title='bbox 229 749 415 786; x_wconf 85' lang='lat' dir='ltr'><strong>victorem</strong></span> <span class='ocrx_word' id='word_1_71' title='bbox 447 761 535 785; x_wconf 90' lang='lat' dir='ltr'><strong>cum</strong></span> <span class='ocrx_word' id='word_1_72' title='bbox 572 748 702 785; x_wconf 86' lang='lat' dir='ltr'><strong>saucio</strong></span> <span class='ocrx_word' id='word_1_73' title='bbox 739 747 894 784; x_wconf 89' lang='lat' dir='ltr'><strong>consule</strong></span> <span class='ocrx_word' id='word_1_74' title='bbox 924 752 1182 784; x_wconf 87' lang='lat' dir='ltr'><strong>revertentem</strong></span> <span class='ocrx_word' id='word_1_75' title='bbox 1219 747 1275 784; x_wconf 87' lang='lat' dir='ltr'><strong>in-</strong></span> 
     </span>
     <span class='ocr_line' id='line_1_11' title="bbox 97 812 1325 861; baseline -0.002 -10"><span class='ocrx_word' id='word_1_76' title='bbox 97 813 247 861; x_wconf 83' lang='lat' dir='ltr'><strong>cidere;</strong></span> <span class='ocrx_word' id='word_1_77' title='bbox 284 818 368 850; x_wconf 91' lang='lat' dir='ltr'><strong>tum</strong></span> <span class='ocrx_word' id='word_1_78' title='bbox 397 812 609 850; x_wconf 83' lang='lat' dir='ltr'><strong>consularis</strong></span> <span class='ocrx_word' id='word_1_79' title='bbox 637 812 829 849; x_wconf 82' lang='lat' dir='ltr'><strong>exercitus</strong></span> <span class='ocrx_word' id='word_1_80' title='bbox 858 812 1010 860; x_wconf 77' lang='lat' dir='ltr'><strong>egregia</strong></span> <span class='ocrx_word' id='word_1_81' title='bbox 1037 825 1167 861; x_wconf 84' lang='lat' dir='ltr'><strong>pugna</strong></span> <span class='ocrx_word' id='word_1_82' title='bbox 1193 824 1278 848; x_wconf 91' lang='lat' dir='ltr'><strong>con-</strong></span> <span class='ocrx_word' id='word_1_83' title='bbox 1300 833 1325 849; x_wconf 76' lang='grc' dir='ltr'><strong>ιι</strong></span> 
     </span>
     <span class='ocr_line' id='line_1_12' title="bbox 97 876 1274 927; baseline -0.003 -11"><span class='ocrx_word' id='word_1_84' title='bbox 97 878 192 916; x_wconf 89' lang='lat' dir='ltr'><strong>sulis</strong></span> <span class='ocrx_word' id='word_1_85' title='bbox 220 878 375 923; x_wconf 85' lang='lat' dir='ltr'><strong>vulnus,</strong></span> <span class='ocrx_word' id='word_1_86' title='bbox 407 877 526 927; x_wconf 83' lang='lat' dir='ltr'><strong>legati</strong></span> <span class='ocrx_word' id='word_1_87' title='bbox 563 882 604 914; x_wconf 91' lang='lat' dir='ltr'><strong>et</strong></span> <span class='ocrx_word' id='word_1_88' title='bbox 633 876 850 914; x_wconf 87' lang='lat' dir='ltr'><strong>cohortium</strong></span> <span class='ocrx_word' id='word_1_89' title='bbox 885 877 991 913; x_wconf 90' lang='lat' dir='ltr'><strong>ultus</strong></span> <span class='ocrx_word' id='word_1_90' title='bbox 1028 881 1086 913; x_wconf 86' lang='lat' dir='ltr'><strong>est</strong></span> <span class='ocrx_word' id='word_1_91' title='bbox 1123 876 1274 913; x_wconf 86' lang='lat' dir='ltr'><strong>caedem.</strong></span> 
     </span>
     <span class='ocr_line' id='line_1_13' title="bbox 98 941 1278 992; baseline 0 -13"><span class='ocrx_word' id='word_1_92' title='bbox 98 942 253 992; x_wconf 83' lang='lat' dir='ltr'><strong>Magnae</strong></span> <span class='ocrx_word' id='word_1_93' title='bbox 278 941 406 979; x_wconf 81' lang='lat' dir='ltr'><strong>clades</strong></span> <span class='ocrx_word' id='word_1_94' title='bbox 428 941 532 978; x_wconf 89' lang='lat' dir='ltr'><strong>ultro</strong></span> <span class='ocrx_word' id='word_1_95' title='bbox 557 941 731 991; x_wconf 86' lang='lat' dir='ltr'><strong>citroque</strong></span> <span class='ocrx_word' id='word_1_96' title='bbox 756 941 834 978; x_wconf 91' lang='lat' dir='ltr'><strong>illis</strong></span> <span class='ocrx_word' id='word_1_97' title='bbox 862 941 997 978; x_wconf 88' lang='lat' dir='ltr'><strong>diebus</strong></span> <span class='ocrx_word' id='word_1_98' title='bbox 1025 946 1065 978; x_wconf 86' lang='lat' dir='ltr'><strong>et</strong></span> <span class='ocrx_word' id='word_1_99' title='bbox 1093 941 1211 979; x_wconf 78' lang='lat' dir='ltr'><strong>illatae</strong></span> <span class='ocrx_word' id='word_1_100' title='bbox 1239 948 1278 979; x_wconf 90' lang='lat' dir='ltr'><strong>et</strong></span> 
     </span>
     <span class='ocr_line' id='line_1_14' title="bbox 96 1007 1327 1058; baseline -0.002 -12"><span class='ocrx_word' id='word_1_101' title='bbox 96 1012 271 1058; x_wconf 83' lang='lat' dir='ltr'><strong>acceptae.</strong></span> <span class='ocrx_word' id='word_1_102' title='bbox 329 1007 499 1044; x_wconf 88' lang='lat' dir='ltr'><strong>Difficile</strong></span> <span class='ocrx_word' id='word_1_103' title='bbox 527 1007 576 1044; x_wconf 86' lang='lat' dir='ltr'><strong>ad</strong></span> <span class='ocrx_word' id='word_1_104' title='bbox 604 1007 719 1044; x_wconf 89' lang='lat' dir='ltr'><strong>fidem</strong></span> <span class='ocrx_word' id='word_1_105' title='bbox 752 1013 811 1044; x_wconf 86' lang='lat' dir='ltr'><strong>est</strong></span> <span class='ocrx_word' id='word_1_106' title='bbox 844 1007 886 1043; x_wconf 88' lang='lat' dir='ltr'><strong>in</strong></span> <span class='ocrx_word' id='word_1_107' title='bbox 917 1011 998 1043; x_wconf 78' lang='lat' dir='ltr'><strong>tam</strong></span> <span class='ocrx_word' id='word_1_108' title='bbox 1035 1007 1195 1057; x_wconf 81' lang='lat' dir='ltr'><strong>antiqua</strong></span> <span class='ocrx_word' id='word_1_109' title='bbox 1224 1021 1275 1053; x_wconf 92' lang='lat' dir='ltr'><strong>re,</strong></span> <span class='ocrx_word' id='word_1_110' title='bbox 1301 1028 1327 1043; x_wconf 62' lang='grc' dir='ltr'><strong><em>η</em></strong></span> 
     </span>
     <span class='ocr_line' id='line_1_15' title="bbox 96 1071 1278 1122; baseline -0.001 -12"><span class='ocrx_word' id='word_1_111' title='bbox 96 1076 192 1122; x_wconf 89' lang='lat' dir='ltr'><strong>quot</strong></span> <span class='ocrx_word' id='word_1_112' title='bbox 223 1071 485 1121; x_wconf 80' lang='lat' dir='ltr'><strong>pugnaverint</strong></span> <span class='ocrx_word' id='word_1_113' title='bbox 520 1071 786 1118; x_wconf 88' lang='lat' dir='ltr'><strong>ceciderintve,</strong></span> <span class='ocrx_word' id='word_1_114' title='bbox 819 1076 954 1109; x_wconf 84' lang='lat' dir='ltr'><strong>exacto</strong></span> <span class='ocrx_word' id='word_1_115' title='bbox 991 1072 1178 1109; x_wconf 81' lang='lat' dir='ltr'><strong>affirmare</strong></span> <span class='ocrx_word' id='word_1_116' title='bbox 1210 1086 1278 1109; x_wconf 90' lang='lat' dir='ltr'><strong>nu-</strong></span> 
     </span>
     <span class='ocr_line' id='line_1_16' title="bbox 97 1136 1278 1186; baseline 0 -12"><span class='ocrx_word' id='word_1_117' title='bbox 97 1149 225 1185; x_wconf 81' lang='lat' dir='ltr'><strong>mero3</strong></span> <span class='ocrx_word' id='word_1_118' title='bbox 258 1136 377 1173; x_wconf 84' lang='lat' dir='ltr'><strong>audet</strong></span> <span class='ocrx_word' id='word_1_119' title='bbox 407 1140 539 1173; x_wconf 88' lang='lat' dir='ltr'><strong>tamen</strong></span> <span class='ocrx_word' id='word_1_120' title='bbox 573 1136 715 1173; x_wconf 83' lang='lat' dir='ltr'><strong>Antias</strong></span> <span class='ocrx_word' id='word_1_121' title='bbox 743 1136 926 1173; x_wconf 85' lang='lat' dir='ltr'><strong>Valerius</strong></span> <span class='ocrx_word' id='word_1_122' title='bbox 957 1137 1154 1186; x_wconf 84' lang='lat' dir='ltr'><strong>concipere</strong></span> <span class='ocrx_word' id='word_1_123' title='bbox 1179 1150 1278 1174; x_wconf 89' lang='lat' dir='ltr'><strong>sum-</strong></span> 
     </span>
     <span class='ocr_line' id='line_1_17' title="bbox 97 1201 1308 1252; baseline 0 -13"><span class='ocrx_word' id='word_1_124' title='bbox 97 1215 203 1240; x_wconf 76' lang='lat' dir='ltr'><strong>mas:</strong></span> <span class='ocrx_word' id='word_1_125' title='bbox 242 1202 438 1239; x_wconf 81' lang='lat' dir='ltr'><strong>Romanos</strong></span> <span class='ocrx_word' id='word_1_126' title='bbox 470 1201 651 1239; x_wconf 89' lang='lat' dir='ltr'><strong>cecidisse</strong></span> <span class='ocrx_word' id='word_1_127' title='bbox 688 1202 730 1238; x_wconf 87' lang='lat' dir='ltr'><strong>in</strong></span> <span class='ocrx_word' id='word_1_128' title='bbox 769 1201 942 1238; x_wconf 89' lang='lat' dir='ltr'><strong>Hernico</strong></span> <span class='ocrx_word' id='word_1_129' title='bbox 978 1214 1070 1251; x_wconf 85' lang='lat' dir='ltr'><strong>agro</strong></span> <span class='ocrx_word' id='word_1_130' title='bbox 1107 1202 1277 1252; x_wconf 83' lang='lat' dir='ltr'><strong>quinque</strong></span> <span class='ocrx_word' id='word_1_131' title='bbox 1300 1224 1308 1239; x_wconf 81' lang='grc' dir='ltr'><strong>ι</strong></span> 
     </span>
     <span class='ocr_line' id='line_1_18' title="bbox 97 1266 1278 1317; baseline -0.002 -12"><span class='ocrx_word' id='word_1_132' title='bbox 97 1269 220 1306; x_wconf 82' lang='lat' dir='ltr'><strong>millia</strong></span> <span class='ocrx_word' id='word_1_133' title='bbox 248 1268 516 1317; x_wconf 78' lang='lat' dir='ltr'><strong>octingentos;</strong></span> <span class='ocrx_word' id='word_1_134' title='bbox 555 1280 603 1304; x_wconf 82' lang='lat' dir='ltr'><strong>ex</strong></span> <span class='ocrx_word' id='word_1_135' title='bbox 635 1267 913 1316; x_wconf 77' lang='lat' dir='ltr'><strong>praedatoribus</strong></span> <span class='ocrx_word' id='word_1_136' title='bbox 950 1266 1180 1316; x_wconf 88' lang='lat' dir='ltr'><strong>AEquorum,</strong></span> <span class='ocrx_word' id='word_1_137' title='bbox 1211 1267 1278 1316; x_wconf 90' lang='lat' dir='ltr'><strong>qui</strong></span> 
     </span>
     <span class='ocr_line' id='line_1_19' title="bbox 96 1331 1272 1383; baseline -0.001 -13"><span class='ocrx_word' id='word_1_138' title='bbox 96 1333 363 1383; x_wconf 73' lang='lat' dir='ltr'><strong>populabundi</strong></span> <span class='ocrx_word' id='word_1_139' title='bbox 389 1332 431 1369; x_wconf 87' lang='lat' dir='ltr'><strong>in</strong></span> <span class='ocrx_word' id='word_1_140' title='bbox 459 1332 602 1368; x_wconf 86' lang='lat' dir='ltr'><strong>finibus</strong></span> <span class='ocrx_word' id='word_1_141' title='bbox 641 1332 828 1369; x_wconf 85' lang='lat' dir='ltr'><strong>Romanis</strong></span> <span class='ocrx_word' id='word_1_142' title='bbox 856 1331 1111 1380; x_wconf 85' lang='lat' dir='ltr'><strong>vagabantur,</strong></span> <span class='ocrx_word' id='word_1_143' title='bbox 1141 1332 1190 1368; x_wconf 83' lang='lat' dir='ltr'><strong>ab</strong></span> <span class='ocrx_word' id='word_1_144' title='bbox 1222 1333 1272 1369; x_wconf 93' lang='lat' dir='ltr'><strong>A.</strong></span> 
     </span>
     <span class='ocr_line' id='line_1_20' title="bbox 98 1395 1276 1445; baseline -0.001 -12"><span class='ocrx_word' id='word_1_145' title='bbox 98 1396 299 1433; x_wconf 89' lang='lat' dir='ltr'><strong>Postumio</strong></span> <span class='ocrx_word' id='word_1_146' title='bbox 326 1395 482 1433; x_wconf 87' lang='lat' dir='ltr'><strong>consule</strong></span> <span class='ocrx_word' id='word_1_147' title='bbox 504 1395 580 1432; x_wconf 93' lang='lat' dir='ltr'><strong>duo</strong></span> <span class='ocrx_word' id='word_1_148' title='bbox 606 1395 729 1432; x_wconf 86' lang='lat' dir='ltr'><strong>millia</strong></span> <span class='ocrx_word' id='word_1_149' title='bbox 750 1400 791 1432; x_wconf 94' lang='lat' dir='ltr'><strong>et</strong></span> <span class='ocrx_word' id='word_1_150' title='bbox 812 1395 1114 1445; x_wconf 84' lang='lat' dir='ltr'><strong>quadringentos</strong></span> <span class='ocrx_word' id='word_1_151' title='bbox 1138 1408 1276 1443; x_wconf 83' lang='lat' dir='ltr'><strong>caesos;</strong></span> 
     </span>
     <span class='ocr_line' id='line_1_21' title="bbox 97 1459 1277 1509; baseline -0.001 -12"><span class='ocrx_word' id='word_1_152' title='bbox 97 1464 263 1497; x_wconf 79' lang='lat' dir='ltr'><strong>ceteram</strong></span> <span class='ocrx_word' id='word_1_153' title='bbox 285 1459 579 1496; x_wconf 87' lang='lat' dir='ltr'><strong>multitudinem</strong></span> <span class='ocrx_word' id='word_1_154' title='bbox 598 1459 764 1508; x_wconf 86' lang='lat' dir='ltr'><strong>praedam</strong></span> <span class='ocrx_word' id='word_1_155' title='bbox 784 1464 973 1509; x_wconf 85' lang='lat' dir='ltr'><strong>agentem,</strong></span> <span class='ocrx_word' id='word_1_156' title='bbox 994 1472 1078 1509; x_wconf 86' lang='lat' dir='ltr'><strong>quae</strong></span> <span class='ocrx_word' id='word_1_157' title='bbox 1096 1459 1277 1497; x_wconf 88' lang='lat' dir='ltr'><strong>inciderit</strong></span> 
     </span>
     <span class='ocr_line' id='line_1_22' title="bbox 97 1524 1273 1574; baseline 0.001 -12"><span class='ocrx_word' id='word_1_158' title='bbox 97 1526 139 1562; x_wconf 89' lang='lat' dir='ltr'><strong>in</strong></span> <span class='ocrx_word' id='word_1_159' title='bbox 162 1524 402 1571; x_wconf 87' lang='lat' dir='ltr'><strong>Quinctium,</strong></span> <span class='ocrx_word' id='word_1_160' title='bbox 422 1537 665 1574; x_wconf 85' lang='lat' dir='ltr'><strong>nequaquam</strong></span> <span class='ocrx_word' id='word_1_161' title='bbox 694 1524 779 1574; x_wconf 85' lang='lat' dir='ltr'><strong>pari</strong></span> <span class='ocrx_word' id='word_1_162' title='bbox 803 1524 1025 1561; x_wconf 86' lang='lat' dir='ltr'><strong>defunctam</strong></span> <span class='ocrx_word' id='word_1_163' title='bbox 1048 1537 1128 1561; x_wconf 90' lang='lat' dir='ltr'><strong>esse</strong></span> <span class='ocrx_word' id='word_1_164' title='bbox 1151 1524 1273 1563; x_wconf 88' lang='lat' dir='ltr'><strong>caede:</strong></span> 
     </span>
     <span class='ocr_line' id='line_1_23' title="bbox 97 1588 1277 1638; baseline -0.002 -12"><span class='ocrx_word' id='word_1_165' title='bbox 97 1589 305 1626; x_wconf 83' lang='lat' dir='ltr'><strong>interfecta</strong></span> <span class='ocrx_word' id='word_1_166' title='bbox 337 1589 428 1626; x_wconf 89' lang='lat' dir='ltr'><strong>inde</strong></span> <span class='ocrx_word' id='word_1_167' title='bbox 462 1593 648 1638; x_wconf 84' lang='lat' dir='ltr'><strong>quattuor</strong></span> <span class='ocrx_word' id='word_1_168' title='bbox 679 1589 803 1625; x_wconf 87' lang='lat' dir='ltr'><strong>millia</strong></span> <span class='ocrx_word' id='word_1_169' title='bbox 835 1593 885 1634; x_wconf 92' lang='lat' dir='ltr'><strong>et,</strong></span> <span class='ocrx_word' id='word_1_170' title='bbox 920 1588 1164 1638; x_wconf 84' lang='lat' dir='ltr'><strong>exsequendo</strong></span> <span class='ocrx_word' id='word_1_171' title='bbox 1193 1589 1277 1625; x_wconf 90' lang='lat' dir='ltr'><strong>sub-</strong></span> 
     </span>
     <span class='ocr_line' id='line_1_24' title="bbox 98 1652 988 1702; baseline 0 -12"><span class='ocrx_word' id='word_1_172' title='bbox 98 1653 222 1691; x_wconf 87' lang='lat' dir='ltr'><strong>tiliter</strong></span> <span class='ocrx_word' id='word_1_173' title='bbox 233 1665 455 1697; x_wconf 78' lang='lat' dir='ltr'><strong>numerum,</strong></span> <span class='ocrx_word' id='word_1_174' title='bbox 477 1653 662 1689; x_wconf 86' lang='lat' dir='ltr'><strong>ducentos</strong></span> <span class='ocrx_word' id='word_1_175' title='bbox 681 1653 738 1689; x_wconf 79' lang='lat' dir='ltr'><strong>ait</strong></span> <span class='ocrx_word' id='word_1_176' title='bbox 757 1657 797 1690; x_wconf 89' lang='lat' dir='ltr'><strong>et</strong></span> <span class='ocrx_word' id='word_1_177' title='bbox 815 1652 988 1702; x_wconf 88' lang='lat' dir='ltr'><strong>triginta.</strong></span> 
     </span>
    </p>

    <p class='ocr_par' dir='ltr' id='par_1_3' title="bbox 98 1717 1338 2285">
     <span class='ocr_line' id='line_1_25' title="bbox 178 1717 1308 1763; baseline -0.001 -9"><span class='ocrx_word' id='word_1_178' title='bbox 178 1717 239 1755; x_wconf 92' lang='lat' dir='ltr'><strong>Ut</strong></span> <span class='ocrx_word' id='word_1_179' title='bbox 270 1717 435 1754; x_wconf 82' lang='lat' dir='ltr'><strong>Romam</strong></span> <span class='ocrx_word' id='word_1_180' title='bbox 464 1717 632 1754; x_wconf 87' lang='lat' dir='ltr'><strong>reditum</strong></span> <span class='ocrx_word' id='word_1_181' title='bbox 664 1722 702 1754; x_wconf 88' lang='lat' dir='ltr'><strong>et</strong></span> <span class='ocrx_word' id='word_1_182' title='bbox 734 1717 930 1754; x_wconf 88' lang='lat' dir='ltr'><strong>iustitium</strong></span> <span class='ocrx_word' id='word_1_183' title='bbox 969 1717 1171 1754; x_wconf 88' lang='lat' dir='ltr'><strong>remissum</strong></span> <span class='ocrx_word' id='word_1_184' title='bbox 1205 1722 1274 1763; x_wconf 88' lang='lat' dir='ltr'><strong>est,</strong></span> <span class='ocrx_word' id='word_1_185' title='bbox 1298 1735 1308 1751; x_wconf 83' lang='grc' dir='ltr'><strong>ι</strong></span> 
     </span>
     <span class='ocr_line' id='line_1_26' title="bbox 99 1781 1278 1832; baseline 0 -14"><span class='ocrx_word' id='word_1_186' title='bbox 99 1781 235 1819; x_wconf 87' lang='lat' dir='ltr'><strong>caelum</strong></span> <span class='ocrx_word' id='word_1_187' title='bbox 271 1782 397 1819; x_wconf 83' lang='lat' dir='ltr'><strong>visum</strong></span> <span class='ocrx_word' id='word_1_188' title='bbox 435 1787 494 1819; x_wconf 87' lang='lat' dir='ltr'><strong>est</strong></span> <span class='ocrx_word' id='word_1_189' title='bbox 522 1782 656 1819; x_wconf 83' lang='lat' dir='ltr'><strong>ardere</strong></span> <span class='ocrx_word' id='word_1_190' title='bbox 693 1782 861 1832; x_wconf 84' lang='lat' dir='ltr'><strong>plurimo</strong></span> <span class='ocrx_word' id='word_1_191' title='bbox 898 1783 989 1831; x_wconf 86' lang='lat' dir='ltr'><strong>igni,</strong></span> <span class='ocrx_word' id='word_1_192' title='bbox 1024 1787 1278 1832; x_wconf 79' lang='lat' dir='ltr'><strong>portentaque</strong></span> 
     </span>
     <span class='ocr_line' id='line_1_27' title="bbox 98 1847 1278 1885; baseline 0.001 -2"><span class='ocrx_word' id='word_1_193' title='bbox 98 1847 176 1883; x_wconf 79' lang='lat' dir='ltr'><strong>alia</strong></span> <span class='ocrx_word' id='word_1_194' title='bbox 212 1851 281 1883; x_wconf 85' lang='lat' dir='ltr'><strong>aut</strong></span> <span class='ocrx_word' id='word_1_195' title='bbox 318 1847 522 1884; x_wconf 83' lang='lat' dir='ltr'><strong>obversata</strong></span> <span class='ocrx_word' id='word_1_196' title='bbox 562 1848 682 1885; x_wconf 89' lang='lat' dir='ltr'><strong>oculis</strong></span> <span class='ocrx_word' id='word_1_197' title='bbox 723 1853 792 1885; x_wconf 81' lang='lat' dir='ltr'><strong>aut</strong></span> <span class='ocrx_word' id='word_1_198' title='bbox 829 1861 948 1885; x_wconf 81' lang='lat' dir='ltr'><strong>vanas</strong></span> <span class='ocrx_word' id='word_1_199' title='bbox 985 1848 1180 1884; x_wconf 79' lang='lat' dir='ltr'><strong>exterritis</strong></span> <span class='ocrx_word' id='word_1_200' title='bbox 1223 1861 1278 1885; x_wconf 83' lang='lat' dir='ltr'><strong>os-</strong></span> 
     </span>
     <span class='ocr_line' id='line_1_28' title="bbox 99 1911 1275 1961; baseline 0.001 -13"><span class='ocrx_word' id='word_1_201' title='bbox 99 1916 300 1948; x_wconf 84' lang='lat' dir='ltr'><strong>tentavere</strong></span> <span class='ocrx_word' id='word_1_202' title='bbox 329 1911 480 1961; x_wconf 86' lang='lat' dir='ltr'><strong>species.</strong></span> <span class='ocrx_word' id='word_1_203' title='bbox 541 1912 619 1949; x_wconf 89' lang='lat' dir='ltr'><strong>His</strong></span> <span class='ocrx_word' id='word_1_204' title='bbox 647 1912 868 1949; x_wconf 84' lang='lat' dir='ltr'><strong>avertendis</strong></span> <span class='ocrx_word' id='word_1_205' title='bbox 900 1912 1112 1949; x_wconf 85' lang='lat' dir='ltr'><strong>terroribus</strong></span> <span class='ocrx_word' id='word_1_206' title='bbox 1139 1912 1181 1949; x_wconf 89' lang='lat' dir='ltr'><strong>in</strong></span> <span class='ocrx_word' id='word_1_207' title='bbox 1208 1914 1275 1950; x_wconf 87' lang='lat' dir='ltr'><strong>tri-</strong></span> 
     </span>
     <span class='ocr_line' id='line_1_29' title="bbox 99 1975 1277 2027; baseline 0.002 -15"><span class='ocrx_word' id='word_1_208' title='bbox 99 1975 220 2013; x_wconf 88' lang='lat' dir='ltr'><strong>duum</strong></span> <span class='ocrx_word' id='word_1_209' title='bbox 247 1975 352 2013; x_wconf 89' lang='lat' dir='ltr'><strong>feriae</strong></span> <span class='ocrx_word' id='word_1_210' title='bbox 379 1976 544 2023; x_wconf 78' lang='lat' dir='ltr'><strong>indictae,</strong></span> <span class='ocrx_word' id='word_1_211' title='bbox 572 1989 641 2027; x_wconf 87' lang='lat' dir='ltr'><strong>per</strong></span> <span class='ocrx_word' id='word_1_212' title='bbox 672 1990 766 2027; x_wconf 86' lang='lat' dir='ltr'><strong>quas</strong></span> <span class='ocrx_word' id='word_1_213' title='bbox 795 1977 925 2014; x_wconf 85' lang='lat' dir='ltr'><strong>omnia</strong></span> <span class='ocrx_word' id='word_1_214' title='bbox 957 1977 1117 2013; x_wconf 86' lang='lat' dir='ltr'><strong>delubra</strong></span> <span class='ocrx_word' id='word_1_215' title='bbox 1147 1989 1277 2026; x_wconf 84' lang='lat' dir='ltr'><strong>pacem</strong></span> 
     </span>
     <span class='ocr_line' id='line_1_30' title="bbox 99 2040 1278 2090; baseline 0.001 -13"><span class='ocrx_word' id='word_1_216' title='bbox 99 2040 216 2077; x_wconf 89' lang='lat' dir='ltr'><strong>deum</strong></span> <span class='ocrx_word' id='word_1_217' title='bbox 243 2041 533 2089; x_wconf 85' lang='lat' dir='ltr'><strong>exposcentium</strong></span> <span class='ocrx_word' id='word_1_218' title='bbox 565 2042 735 2078; x_wconf 86' lang='lat' dir='ltr'><strong>virorum</strong></span> <span class='ocrx_word' id='word_1_219' title='bbox 766 2041 1048 2090; x_wconf 89' lang='lat' dir='ltr'><strong>mulierumque</strong></span> <span class='ocrx_word' id='word_1_220' title='bbox 1076 2041 1191 2078; x_wconf 85' lang='lat' dir='ltr'><strong>turba</strong></span> <span class='ocrx_word' id='word_1_221' title='bbox 1210 2041 1278 2078; x_wconf 89' lang='lat' dir='ltr'><strong>im—</strong></span> 
     </span>
     <span class='ocr_line' id='line_1_31' title="bbox 99 2103 1309 2154; baseline 0.002 -15"><span class='ocrx_word' id='word_1_222' title='bbox 99 2103 314 2153; x_wconf 83' lang='lat' dir='ltr'><strong>plebantur.</strong></span> <span class='ocrx_word' id='word_1_223' title='bbox 390 2103 577 2142; x_wconf 84' lang='lat' dir='ltr'><strong>Cohortes</strong></span> <span class='ocrx_word' id='word_1_224' title='bbox 614 2105 703 2142; x_wconf 91' lang='lat' dir='ltr'><strong>inde</strong></span> <span class='ocrx_word' id='word_1_225' title='bbox 741 2105 891 2142; x_wconf 73' lang='lat' dir='ltr'><strong>Latinae</strong></span> <span class='ocrx_word' id='word_1_226' title='bbox 936 2105 1194 2154; x_wconf 77' lang='lat' dir='ltr'><strong>Hernicaeque</strong></span> <span class='ocrx_word' id='word_1_227' title='bbox 1229 2106 1278 2142; x_wconf 83' lang='lat' dir='ltr'><strong>ab</strong></span> <span class='ocrx_word' id='word_1_228' title='bbox 1301 2126 1309 2141; x_wconf 88' lang='grc' dir='ltr'>ι</span> 
     </span>
     <span class='ocr_line' id='line_1_32' title="bbox 99 2169 1338 2220; baseline 0.001 -14"><span class='ocrx_word' id='word_1_229' title='bbox 99 2173 248 2215; x_wconf 83' lang='lat' dir='ltr'><strong>senatu,</strong></span> <span class='ocrx_word' id='word_1_230' title='bbox 281 2169 418 2218; x_wconf 80' lang='lat' dir='ltr'><strong>gratiis</strong></span> <span class='ocrx_word' id='word_1_231' title='bbox 446 2170 496 2207; x_wconf 92' lang='lat' dir='ltr'><strong>ob</strong></span> <span class='ocrx_word' id='word_1_232' title='bbox 527 2171 731 2220; x_wconf 80' lang='lat' dir='ltr'><strong>impigram</strong></span> <span class='ocrx_word' id='word_1_233' title='bbox 769 2170 949 2207; x_wconf 79' lang='lat' dir='ltr'><strong>militiam</strong></span> <span class='ocrx_word' id='word_1_234' title='bbox 976 2170 1085 2217; x_wconf 84' lang='lat' dir='ltr'><strong>actis,</strong></span> <span class='ocrx_word' id='word_1_235' title='bbox 1112 2170 1277 2208; x_wconf 83' lang='lat' dir='ltr'><strong>remissae</strong></span> <span class='ocrx_word' id='word_1_236' title='bbox 1335 2214 1338 2217; x_wconf 20' lang='grc' dir='ltr'><strong>Δ</strong></span> 
     </span>
     <span class='ocr_line' id='line_1_33' title="bbox 99 2233 1277 2285; baseline 0.001 -13"><span class='ocrx_word' id='word_1_237' title='bbox 99 2233 241 2272; x_wconf 86' lang='lat' dir='ltr'><strong>domos.</strong></span> <span class='ocrx_word' id='word_1_238' title='bbox 300 2234 485 2272; x_wconf 51' lang='lat' dir='ltr'><strong>Antiates</strong></span> <span class='ocrx_word' id='word_1_239' title='bbox 512 2235 617 2271; x_wconf 80' lang='lat' dir='ltr'><strong>:nille</strong></span> <span class='ocrx_word' id='word_1_240' title='bbox 641 2235 796 2281; x_wconf 83' lang='lat' dir='ltr'><strong>milites,</strong></span> <span class='ocrx_word' id='word_1_241' title='bbox 817 2235 907 2285; x_wconf 85' lang='lat' dir='ltr'><strong>quia</strong></span> <span class='ocrx_word' id='word_1_242' title='bbox 932 2247 1058 2271; x_wconf 87' lang='lat' dir='ltr'><strong>serum</strong></span> <span class='ocrx_word' id='word_1_243' title='bbox 1087 2235 1277 2274; x_wconf 83' lang='lat' dir='ltr'><strong>auxilium</strong></span> 
     </span>
    </p>
   </div>
  </div>
 </body>
</html>
