1438 2466
167 105 241 141 152
680 103 832 140 LIVII
1113 101 1242 154 [A.U.c.
1267 115 1340 152 305

163 215 279 239 causa
323 215 409 238 cum
461 201 631 237 maxima
686 201 895 237 offensione
941 206 1096 250 patrum
1141 202 1343 239 consulatu

164 266 318 312 abisset,
340 279 428 302 suas
454 266 567 314 leges,
589 265 730 314 quibus
754 266 1003 302 manentibus
1028 266 1128 302 lator
1151 278 1283 302 earum
1302 267 1343 303 in

116 348 148 363 ιο
166 330 321 366 vincula
340 330 513 368 ducatur.
573 330 753 366 Ceterum
773 341 843 366 sua
860 330 1015 379 propria
1035 331 1135 365 bona
1156 330 1343 379 malaque,

165 410 285 446 quum
314 409 436 432 eausae
466 395 635 431 dicendae
664 394 755 430 data
782 394 947 430 facultas
970 394 1031 439 sit,
1053 398 1138 429 tum
1157 406 1197 429 se
1216 406 1344 442 exper-

166 467 322 507 turum3
351 461 393 496 111
418 460 623 509 praesentia
647 472 687 495 se
712 459 908 496 communi
931 459 1014 494 iure
1033 458 1204 494 civit-atis
1223 458 1344 494 civem

168 525 387 561 Romanum
426 524 488 560 die
526 523 630 560 dicta
664 523 873 572 postulare,
912 527 958 559 ut
987 522 1113 558 dicere
1143 521 1266 567 liceat,
1301 527 1347 557 ut

116 603 145 620 11
166 587 351 623 iudicium
382 587 516 635 populi
545 587 716 623 Romani
744 586 920 635 experiri.
979 585 1071 622 Nou
1099 586 1156 622 ita
1183 598 1223 621 se
1251 585 1347 621 invi-

167 652 268 688 diam
295 651 550 700 pertimuisse,
572 655 617 687 ut
641 651 740 687 nihil
765 651 805 687 111
825 651 1008 699 {equitate
1029 654 1069 686 et
1089 648 1348 686 misericordia

167 715 310 751 civium
332 727 489 751 suorum
512 714 593 763 spei
619 714 766 752 habeat.
825 714 937 758 Quod
957 713 989 749 si
1009 713 1155 750 indicta
1175 726 1288 750 causa
1307 713 1349 749 in

167 780 323 816 vincula
350 780 524 826 dueatur,
556 780 697 815 iterum
726 791 766 814 se
794 779 971 814 tribunos
1000 778 1124 826 plebei
1156 778 1349 827 appellare

119 865 149 882 12
167 850 206 883 et
243 858 409 892 monere,
448 859 497 882 ne
534 846 749 891 imitentur,
789 858 885 894 quos
929 845 1090 882 oderint.
1167 844 1279 889 Quod
1316 844 1349 880 si

167 911 317 947 tribuni
345 911 476 947 eodem
505 910 645 947 soedere
672 910 860 959 obligatos
888 922 928 945 se
950 909 1147 945 fateantur
1169 908 1349 945 tollendae

167 976 449 1026 appellationis,
466 975 507 1011 in
527 975 629 1024 quod
649 975 886 1023 conspirasse
905 974 1141 1009 decemviros
1155 972 1351 1009 criminati

167 1041 258 1087 sint,
280 1045 321 1077 at
349 1053 388 1076 se
417 1053 623 1089 provocare
651 1039 699 1075 ad
728 1039 924 1088 populum,
946 1038 1152 1087 implorare
1181 1038 1282 1085 leges
1304 1039 1352 1075 (le

168 1105 441 1155 provocatione
461 1109 501 1140 et
519 1104 737 1140 consulares
756 1109 795 1139 et
814 1103 1054 1150 tribunicias,
1077 1116 1121 1139 eo
1140 1103 1224 1152 ipso
1249 1116 1352 1139 anno

119 1190 150 1213 13
168 1172 276 1207 latas.
335 1170 457 1214 Quem
487 1168 589 1204 enim
618 1172 928 1217 provocaturum,
959 1167 991 1202 si
1020 1166 1090 1202 1100
1114 1167 1349 1213 indemnato,

168 1233 317 1269 indicta
353 1244 478 1277 causa,
517 1244 594 1267 non
633 1231 772 1267 liceat?
845 1230 918 1265 Cui
956 1230 1105 1278 plebeio
1143 1234 1183 1266 et
1214 1230 1352 1266 humili

170 1296 390 1346 praesidium
419 1295 458 1331 111
490 1295 638 1343 legibus
666 1294 758 1340 fore,
788 1294 822 1330 si
849 1294 952 1342 App.
985 1293 1146 1330 Claudio
1173 1307 1249 1330 non
1279 1295 1356 1332 sit‘.²

171 1360 219 1396 Se
238 1358 469 1396 documento
489 1358 678 1404 futurum,
697 1364 827 1395 utrum
847 1359 957 1394 novis
977 1358 1124 1407 legibus
1143 1357 1355 1395 dominatio

171 1439 222 1462 an
259 1425 417 1461 libertas
455 1425 609 1461 firmata
643 1424 705 1471 sit,
740 1428 780 1460 et
812 1424 1021 1473 appellatio
1059 1423 1356 1472 provocatioque

172 1490 358 1526 adversus
377 1489 560 1525 iniuriam
577 1487 873 1536 magistratuum
890 1491 1084 1523 ostentata
1103 1491 1258 1522 tantum
1277 1486 1355 1523 ina-

104 1560 151 1597 57
172 1554 288 1590 nibus
312 1552 454 1588 litteris
480 1565 530 1588 an
549 1565 640 1588 vere
666 1552 758 1588 data
781 1551 841 1587 sit.
901 1550 1046 1587 Contra
1074 1563 1118 1586 ea
1143 1549 1356 1599 Verginius

172 1636 255 1659 which
306 1634 455 1662 verginius,
488 1628 608 1651 unum
638 1616 739 1664 App.
770 1614 974 1651 Claudium
1003 1618 1043 1649 et
1070 1613 1198 1662 legum
1226 1626 1356 1662 exper-

172 1666 458 1727 Xs't'2'1.(¹‚¹¹f,ess,¹1¹,‘ssf⁴'{ffl
491 1683 569 1714 tem
603 1682 643 1713 et
675 1677 801 1713 civilis
831 1681 871 1712 et
904 1675 1065 1712 humani
1097 1675 1249 1711 foederis
1277 1688 1357 1711 esse

172 1727 381 1753 mmmmm*
490 1742 627 1779 aicbat.
706 1741 941 1790 'respicerent
969 1739 1142 1776 tribunal
1171 1739 1356 1784 homines,

173 1808 371 1846 castellum
406 1806 579 1843 omnium
612 1805 808 1850 scelerum,
843 1805 910 1840 ubi
948 1803 1140 1840 decemvir
1176 1803 1241 1839 ille
1278 1817 1359 1852 per-

173 1878 322 1922 petuus,
347 1871 470 1915 bonis,
494 1875 613 1919 tergO,
638 1869 817 1917 sanguini
845 1869 986 1905 civium
1017 1867 1191 1912 infestus,
1231 1867 1358 1915 virgas

173 1948 398 1985 securesque
430 1935 610 1972 omnibus
646 1934 843 1980 minitans,
886 1933 1044 1969 deorum
1082 1931 1358 1980 hominumque

141 2016 154 2039 3
173 2005 426 2048 contemptor,
457 1999 710 2044 carnificibus,
741 2011 818 2034 non
847 1997 1047 2033 lictoribus
1075 1996 1252 2044 stipatus,
1282 1995 1357 2032 iam

174 2069 222 2104 ab
243 2067 388 2115 rapinis
408 2070 447 2102 et
466 2065 633 2101 caedibus
653 2064 781 2100 animo
808 2063 856 2099 ad
882 2062 1084 2098 libidinem
1104 2073 1224 2106 verso,
1246 2061 1359 2109 virgi—

176 2146 262 2169 nem
293 2132 500 2180 ingenuam
533 2129 575 2166 in
607 2129 727 2165 oeulis
751 2127 884 2176 populi
914 2125 1092 2169 Romani,
1123 2124 1232 2161 volut
1259 2124 1359 2161 bello

174 2202 336 2245 captam,
352 2196 401 2232 ab
421 2194 622 2243 complexu
644 2193 764 2242 patris
784 2193 982 2240 alu-eptam
1000 2191 1179 2226 ministro
1193 2189 1359 2226 cubiculi
