1438 2466
490 605 699 652 LIBER
746 605 810 651 ll.

145 801 286 837 LIBERI
313 801 388 837 iam
415 800 505 837 hinc
531 800 665 850 populi
691 801 860 837 Romani
879 812 939 837 res
958 812 1050 849 pace
1069 798 1244 848 belloque
1265 795 1284 832 1

62 870 199 915 gestas,
233 877 382 901 annuos
415 865 676 914 magistratus,
711 865 949 914 imperiaque
986 871 1247 933 εἶὲἓιέξιῗὲιιιῑῐῖῐιιῑὲ.οῐ

62 930 190 979 legum
221 929 440 979 potentiora
469 942 584 979 quam
614 929 815 965 hominum
846 942 952 978 pera-
985 934 1030 958 the
1043 935 1148 957 senato.

61 1008 159 1045 gam.
217 995 311 1040 Quae
336 995 497 1031 libertas
523 1000 568 1031 ut
592 994 716 1031 laetior
742 998 852 1039 esset,
874 993 1041 1042 proximi
1068 994 1168 1048 regis
1187 1006 1246 1029 su·
1263 1013 1276 1029 ι

63 1058 196 1107 perbia
213 1058 365 1095 fecerat.
425 1057 528 1093 Nam
559 1057 706 1106 priores
736 1057 792 1093 ita
822 1061 1045 1105 regnarunt,
1067 1062 1112 1093 ut
1143 1056 1245 1092 haud

62 1121 257 1158 immerito
287 1134 419 1158 omnes
453 1120 632 1170 deinceps
675 1121 891 1157 conditores
932 1120 1102 1169 partium
1144 1124 1246 1157 certe

61 1185 178 1232 urbis,
201 1198 297 1235 quas
325 1198 444 1222 novas
472 1184 545 1234 ipsi
571 1185 679 1221 sedes
707 1185 755 1221 ab
783 1197 822 1221 se
841 1188 963 1221 auctae
982 1184 1246 1220 multitudinis

61 1250 306 1296 addiderunt,
324 1255 578 1286 numerentur
586 1262 598 1296 3
616 1261 739 1299 neque
751 1249 972 1298 ambigitur,
989 1248 1084 1297 quin
1100 1248 1245 1284 Brutus
1264 1265 1276 1288 ³

60 1314 174 1360 idem,
195 1315 263 1365 qui
291 1318 446 1351 tantum
474 1313 605 1362 gloriae
633 1313 798 1363 superbo
827 1317 962 1350 exacto
982 1325 1069 1361 rege
1090 1313 1242 1357 meruit,

62 1378 224 1428 pessimo
253 1377 407 1427 publico
434 1376 475 1413 id
502 1377 676 1413 facturus
701 1377 828 1424 fuerit,
851 1377 882 1412 si
904 1375 1095 1413 libertatis
1115 1375 1245 1412 inima-

64 1449 159 1480 turae
171 1443 352 1492 cupidine
364 1442 534 1491 priorum
550 1455 682 1490 regum
699 1442 815 1478 alicui
830 1455 990 1490 rognum
1006 1441 1239 1478 extorsisset.

61 1506 165 1552 Quid
177 1507 280 1542 enim
294 1506 467 1542 futurum
477 1505 564 1550 fuit,
575 1507 606 1542 si
620 1505 688 1541 illa
700 1511 896 1554 pastorum
909 1517 1244 1553 convenarumque
1262 1524 1275 1545 ⁴

61 1574 179 1624 plebs,
194 1574 395 1623 transfuga
407 1587 456 1610 ex
468 1574 548 1610 suis
560 1574 721 1624 populiS,
736 1575 807 1611 sub
820 1574 945 1610 tutela
957 1573 1136 1609 inviolati
1149 1578 1242 1610 tem-

63 1638 117 1687 pli
135 1643 206 1674 aut
220 1638 441 1674 libertatem
453 1643 523 1674 aut
537 1642 640 1674 certe
656 1637 929 1686 impunitatem
946 1637 1097 1686 adepta,
1119 1637 1245 1673 soluta

62 1704 165 1754 regio
193 1709 299 1741 metu
329 1705 470 1753 agitari
500 1709 625 1754 coepta
650 1710 750 1743 esset
769 1706 990 1742 tribuniciis
1009 1705 1185 1754 procellis
1205 1709 1245 1741 et

62 1769 103 1806 in
130 1769 258 1806 aliena
284 1770 379 1806 urbe
407 1782 493 1806 oum
523 1771 700 1819 patribus
727 1783 852 1807 serere
881 1770 1102 1816 certamina,
1123 1769 1243 1818 prius-
1262 1788 1275 1810 5

62 1847 178 1883 quam
198 1834 357 1884 pignera
375 1834 581 1884 coniugum
595 1848 638 1872 ac
657 1835 866 1872 liberorum
887 1835 1103 1884 caritasque
1123 1833 1243 1883 ipsius

62 1897 143 1944 soli,
165 1899 227 1935 cui
247 1898 359 1948 longo
378 1903 550 1949 tempore
575 1901 818 1948 assuescitur,
840 1901 989 1937 animos
1008 1912 1138 1936 eorum
1159 1911 1242 1935 con-

63 1962 262 1999 sociasset?
317 1962 524 2013 Dissipatae
544 1977 604 1999 res
624 1964 795 2001 nondum
822 1964 963 2001 adultae
983 1963 1172 2000 discordia
1190 1963 1242 1998 so-
1259 1975 1275 1999 ⁶

63 2030 162 2074 rent,
196 2039 292 2076 quas
323 2026 424 2064 fovit
454 2029 667 2077 tranquilla
699 2029 911 2065 moderatio
941 2027 1093 2077 imperii
1123 2039 1243 2076 eoque

62 2091 272 2128 nutriendo
293 2091 487 2141 perduxit,
509 2097 554 2129 ut
573 2093 711 2130 bonam
739 2093 888 2141 frugem
909 2092 1101 2129 libertatis
1121 2097 1243 2128 matu-

64 2156 117 2192 ris
136 2156 210 2192 iam
233 2157 380 2193 viribus
400 2156 499 2193 ferre
520 2162 683 2207 possent.

176 2242 208 2270 s
232 2241 268 2270 L.
1107 2234 1124 2270 l
