1438 2466
69 165 173 192 mon.
195 152 290 206 460]
510 152 680 189 LIBER
716 150 802 187 III.
1170 147 1243 185 103

69 252 201 285 tamen
228 260 320 294 esse,
341 247 407 285 sed
426 245 541 284 simul
560 250 688 296 patres
713 244 951 294 plebemque,
973 254 1097 279 arcem
1126 241 1242 286 urbis,

70 310 215 360 templa
232 310 401 355 deorum,
422 313 582 358 penates
606 307 779 357 publicos
801 305 1050 355 privatosque
1070 304 1245 341 hostibus

69 374 166 412 dedi.
225 375 329 411 Dum
362 374 440 410 haec
469 373 511 410 in
540 374 623 410 foro
650 373 826 410 sedandae
858 371 930 408 dis-
994 383 1051 419 Tne
1081 384 1184 419 peopip·
1201 389 1247 408 are
1264 393 1293 410 η

69 439 206 477 cordiae
225 453 340 477 causa
362 443 541 488 aguntur,
568 439 741 476 consules
759 439 927 486 interim,
960 414 1247 475 gffiffaffiqfflffi

69 517 118 540 ne
144 503 277 540 Sabini
302 515 397 540 neve
423 502 568 539 Veiens
593 502 714 539 hostis
742 508 974 550 moveretur,
996 504 1095 541 circa
1115 508 1247 552 portas

70 580 277 617 murosque
295 567 558 604 discesserant.

150 633 295 670 Eadem
315 637 426 670 nocte
445 633 654 669 Tusculum
674 632 721 669 de
746 645 831 670 arce
851 638 963 683 capta
982 633 1248 682 Capitolioque
1266 626 1314 662 18

26 731 30 735 .
70 702 254 746 occupato
269 701 308 733 et
322 696 397 733 alio
412 697 576 733 turbatae
591 697 698 733 urbis
712 700 817 733 statu
832 710 929 734 nun·
997 712 1106 736 Arrival
1119 711 1148 736 or
1161 718 1178 736 a
1188 718 1249 735 con-

71 761 119 797 tii
138 761 312 801 veniunt.
376 761 417 797 L.
446 761 646 797 Mamilius
671 760 828 798 Tusculi
847 766 929 798 tum
967 743 1168 802 {ffiififfivli‘t'sst
1179 742 1249 797 ἓὲῗῗέ
1266 771 1280 787 ²

71 825 238 862 dictator
264 829 357 862 erat.
416 825 467 871 Is,
492 825 693 861 confestim
722 832 931 863 convocato
966 803 1251 864 ἕὲτὼῑιιειέοῗέἓιᾱῗῖ-

71 895 208 927 senatu
227 895 343 938 atque
362 889 594 926 introductis
613 889 772 936 nuntiis,
793 903 932 939 magno
967 864 1252 950 Ξῇῑὲἳῧῃὲἳῗξὲ
1268 906 1282 928 3

72 966 184 1004 opere
196 957 334 1000 censet,
343 966 392 990 ne
405 958 637 1003 exspectent,
648 953 740 990 dum
751 954 799 991 ab
807 954 934 991 Roma
967 957 1076 981 ”⁵³¹⁸st

74 1019 190 1068 legati
209 1018 399 1056 auxilium
414 1023 588 1068 petentes
603 1019 784 1065 veniant3
804 1019 1014 1068 periculum
1037 1020 1163 1068 ipsum
1179 1019 1251 1055 dis-

73 1083 293 1132 crimenque
305 1095 348 1119 ac
360 1082 515 1119 sociales
526 1082 616 1119 deos
630 1082 820 1132 fidemque
832 1083 1013 1120 foederum
1031 1084 1070 1119 id
1082 1095 1233 1132 poscere
1242 1097 1253 1130 ;

73 1146 293 1183 demerendi
321 1146 504 1182 beneficio
535 1151 614 1182 tam
645 1151 854 1195 potentem,
890 1152 970 1184 tam
999 1148 1253 1197 propinquam

74 1209 273 1246 civitatem
297 1222 496 1258 nunquam
528 1222 658 1259 parem
689 1210 923 1247 occasionem
955 1211 1114 1248 daturos
1149 1211 1249 1248 deos.

76 1274 210 1312 Placet
251 1275 344 1312 ferri
381 1275 595 1322 auxilium3
632 1276 815 1313 iuventus
847 1276 1112 1322 conscribitur,
1144 1289 1252 1312 arma
1270 1292 1285 1315 4

75 1339 228 1376 dantur.
287 1339 451 1376 Romam
471 1338 596 1387 prima
614 1339 699 1375 luce
718 1339 919 1376 venientes
938 1340 1070 1388 procul
1091 1339 1253 1388 spe-ciem

75 1404 244 1441 hostium
265 1404 460 1452 praebuere
474 1417 484 1450 3
513 1403 637 1452 AEqui
657 1408 726 1440 aut
744 1403 879 1441 Volsci
898 1405 1029 1441 venire
1048 1405 1120 1441 visi
1141 1409 1232 1441 sunt
1246 1418 1256 1451 3

77 1468 224 1515 deinde,
240 1468 307 1506 ubi
326 1481 450 1505 vanus
463 1473 586 1505 terror
605 1469 712 1514 abiit,
727 1470 872 1519 accepti
891 1470 933 1506 in
952 1470 1084 1507 urbem
1105 1470 1256 1519 agmine

78 1533 119 1569 in
164 1533 292 1569 forum
335 1532 581 1569 descendunt.
651 1532 714 1569 Ibi
750 1533 827 1569 iam
872 1533 914 1569 P.
962 1533 1155 1578 Valerius,
1198 1547 1254 1570 re·
1273 1548 1287 1571 5

79 1596 170 1632 licto
195 1596 243 1633 ad
270 1600 467 1645 portarum
492 1595 671 1644 praesidia
696 1596 850 1645 collega,
881 1596 1101 1633 instruebat
1124 1597 1253 1633 aciem.

82 1661 308 1698 Auctoritas
350 1661 426 1697 viri
469 1665 653 1705 moverat,
692 1660 931 1706 affirmantis,
972 1661 1167 1710 Capitolio
1203 1669 1289 1698 re-6

81 1728 262 1774 cuperato
299 1729 338 1761 et
367 1724 462 1761 urbe
491 1729 638 1773 pacata,
672 1724 706 1761 si
735 1724 885 1762 edoceri
915 1738 954 1761 se
985 1725 1138 1770 sissent,
1171 1738 1257 1774 quae

81 1791 186 1827 fraus
222 1790 270 1825 ab
306 1789 474 1825 tribunis
511 1789 660 1825 occulta
696 1789 737 1824 in
775 1788 857 1838 lege
894 1789 1070 1834 ferretur,
1116 1801 1257 1825 memo-

83 1867 163 1891 rem
213 1867 252 1891 sc
293 1853 480 1890 maiorum
534 1865 702 1899 suorum,
756 1865 962 1890 memorem
1013 1853 1259 1902 cognominis,

84 1932 159 1967 quo
200 1917 333 1967 populi
373 1916 521 1953 colendi
569 1917 676 1953 velut
718 1916 951 1953 hereditaria
991 1930 1082 1953 cura
1121 1916 1195 1953 sibi
1238 1929 1261 1951 a

85 1983 294 2020 maioribus
334 1981 480 2017 tradita
521 1985 629 2026 esset,
669 1980 875 2017 concilium
912 1980 1036 2029 plebis
1075 1993 1154 2017 non
1189 1980 1259 2016 im·

86 2048 318 2098 pediturum.
389 2046 509 2083 Hunc
549 2045 684 2083 ducem
726 2046 859 2091 secuti,
905 2046 1161 2094 nequicquam
1203 2058 1260 2082 re·
1277 2060 1291 2084 7

87 2112 342 2151 clamantibus
363 2111 544 2157 tribunis,
570 2111 614 2148 in
636 2111 780 2148 clivum
809 2111 1074 2160 Capitolinum
1107 2111 1263 2160 erigunt

87 2178 215 2217 aciem.
275 2175 516 2226 Adiungitur
534 2180 574 2213 et
592 2175 811 2213 Tusculana
828 2176 938 2225 legio.
996 2175 1154 2213 certare
1171 2177 1264 2213 socii

88 2242 277 2291 civesque,
306 2241 386 2278 utri
413 2245 645 2291 recuperatae
673 2241 770 2279 arcis
792 2254 906 2279 suum
931 2241 1047 2279 decus
1069 2241 1241 2279 facerent
1253 2256 1264 2289 3
