1438 2466
133 102 183 142 72
652 103 800 142 LIVII
1079 102 1212 155 [A.U.c.
1237 106 1310 153 283

132 212 240 249 aeque
266 199 547 249 superbissimae
573 212 618 235 ac
644 200 921 237 crudelissimae
940 201 982 237 in
1002 201 1153 250 plebem
1173 202 1312 239 Roma-

97 274 112 299 3
131 276 223 300 nam
261 277 430 310 exorsus,
471 277 590 313 quum
625 277 647 299 a
684 265 860 312 patribus
892 278 971 301 non
1004 265 1210 312 consulem,
1245 266 1313 302 sed

133 329 348 366 carnificem
377 329 425 365 ad
454 330 670 365 vexandam
699 334 739 366 et
771 330 1013 367 lacerandam
1041 331 1190 380 plebem
1214 345 1312 369 crea-

132 397 219 429 tum
247 406 327 430 esse
352 393 612 439 contenderet,
634 394 740 430 rudis
763 394 804 431 in
823 395 985 431 militari
1004 395 1160 432 homine
1179 396 1313 446 lingua

98 470 115 495 9
132 471 211 495 non
231 459 461 508 suppetebat
480 459 652 495 libertati
673 459 889 508 animoque.
948 460 1089 508 Itaque
1109 460 1312 498 deficiente

132 523 317 569 oratione,
353 523 553 567 “Quando
583 523 737 572 quidem
778 537 856 560 non
895 530 974 560 tam
1004 523 1116 560 facile
1145 525 1312 574 loquor''

132 587 271 636 inquit,
309 591 330 607 “
348 587 531 633 Quirites,
565 600 691 635 quam,
728 588 830 636 quod
857 587 1008 624 locutus
1036 601 1131 635 sum,
1162 593 1311 637 praesto,

133 653 299 688 crastino
333 652 395 688 die
419 652 549 689 adeste
563 666 573 699 ;
602 665 671 701 ego
699 652 761 688 hic
787 657 856 688 aut
883 652 925 688 in
954 656 1159 701 conspectu
1186 656 1313 690 vestro

85 733 115 750 ιο
134 716 276 752 moriar
301 720 370 752 aut
397 715 586 765 perferam
614 716 769 764 legem.'’
828 716 1028 766 Occupant
1048 717 1197 754 tribuni
1216 722 1311 754 tem-

135 780 240 829 plum
270 783 423 829 postero
449 780 511 816 die
525 795 534 828 3
563 780 738 816 consules
757 780 1018 830 nobilitasque
1037 781 1085 817 ad
1105 781 1314 830 impedien-

134 845 222 881 dam
251 845 372 894 legem
401 846 442 881 in
470 845 648 881 contione
677 845 905 882 consistunt.
965 845 1209 883 Summoveri
1235 846 1315 883 Lae-

134 909 259 946 torius
305 909 424 955 iubet,
473 913 729 957 praeterquam
775 909 842 958 qui
888 909 1115 958 suffragium
1161 910 1306 947 ineant.

85 992 112 1008 ιι
135 974 413 1011 Adolescentes
446 973 594 1010 nobiles
630 974 788 1010 stabant
824 973 923 1009 nihil
953 974 1130 1010 cedentes
1160 974 1310 1011 viatori.

135 1038 235 1074 Tum
262 1051 312 1074 ex
337 1037 397 1074 his
420 1038 556 1087 prendi
577 1037 763 1087 quosdam
784 1037 973 1074 Laetorius
992 1038 1112 1075 iubet.
1171 1037 1314 1075 Consul

133 1104 290 1153 Appius
315 1116 465 1153 negare,
487 1104 547 1140 ius
572 1116 653 1140 esse
679 1103 839 1140 tribuno
865 1104 905 1139 in
925 1116 1158 1153 quemquam
1177 1103 1254 1140 m'si
1272 1104 1315 1139 in

85 1189 116 1205 12
134 1171 355 1219 plebeium,
396 1183 474 1206 non
503 1170 606 1206 enim
634 1169 778 1218 populi,
808 1168 875 1205 sed
904 1168 1028 1218 plebis
1062 1182 1149 1206 eum
1180 1168 1316 1217 magis-

135 1239 283 1271 tratum
304 1248 384 1272 esse
398 1248 409 1282 3
438 1247 506 1271 nec
526 1234 636 1270 illum
657 1233 783 1283 ipsum
803 1246 1044 1270 summovere
1063 1246 1133 1282 pro
1153 1233 1315 1282 imperio

134 1312 243 1349 posse
276 1312 380 1336 more
414 1298 614 1344 maiorum,
648 1298 740 1347 quia
771 1298 829 1334 ita
866 1297 1042 1335 dicatur:
1091 1298 1168 1334 “Si
1205 1298 1316 1334 vobis

136 1364 304 1410 videtur,
334 1364 529 1411 discedite,
561 1363 768 1408 Quirites.''
825 1363 955 1400 Facile
984 1352 1235 1412 contemptim
1269 1362 1315 1399 de

86 1443 115 1466 ¹3
135 1431 218 1467 iure
238 1430 457 1466 disserendo
477 1429 704 1478 perturbare
724 1429 935 1465 Laetorium
955 1432 1117 1477 poterat.
1158 1427 1316 1465 Ardens

134 1495 255 1545 igitur
291 1495 349 1531 ira
384 1495 567 1531 tribunus
612 1493 801 1530 viatorem
848 1493 974 1529 mittit
1019 1493 1067 1529 ad
1104 1492 1311 1540 consulem,

134 1562 267 1598 consul
286 1561 459 1598 lictorem
479 1561 528 1597 ad
548 1560 762 1605 tribunum,
779 1559 977 1608 privatum
996 1571 1076 1595 esse
1096 1558 1310 1606 clamitans,

88 1640 116 1663 14
134 1627 217 1664 sine
249 1626 421 1676 imperio,
455 1627 538 1662 sine
567 1624 798 1674 magistratu
812 1638 822 1670 3
856 1623 1096 1672 violatusque
1123 1627 1223 1660 esset
1250 1623 1316 1659 tri-

135 1692 274 1737 bunus,
295 1691 336 1727 ni
361 1695 400 1727 et
424 1690 553 1727 contio
580 1689 705 1726 omnis
724 1693 838 1725 atrox
857 1692 987 1724 coorta
1006 1700 1074 1736 pro
1096 1687 1254 1723 tribuno
1272 1687 1314 1723 in

135 1756 330 1803 consulem
359 1759 470 1801 esset,
492 1759 531 1790 et
559 1766 765 1790 concursus
795 1750 1028 1805 [hominum]
1059 1751 1100 1787 in
1120 1751 1247 1788 forum
1267 1763 1314 1787 ex

136 1826 219 1858 tota
252 1821 347 1857 urbe
377 1819 577 1856 concitatae
611 1817 879 1854 multitudinis
911 1817 1030 1853 fieret.
1090 1816 1316 1853 Sustinebat

136 1889 265 1920 tamen
294 1883 449 1932 Appius
474 1881 687 1932 pertinacia
713 1885 864 1918 tantam
893 1884 1176 1930 tempestatem,
1198 1884 1315 1917 certa-

88 1961 117 1983 15
136 1955 297 1998 tumque
330 1948 433 1985 haud
462 1948 665 1984 incruento
698 1946 833 1996 proelio
870 1946 983 1992 foret,
1018 1946 1061 1982 ni
1094 1945 1313 1993 Quinctius,

136 2015 269 2053 consul
289 2015 396 2060 alter,
416 2013 682 2051 consularibus
701 2011 856 2061 negotio
875 2011 978 2058 dato,
997 2016 1040 2047 ut
1059 2011 1242 2061 collegam
1263 2011 1313 2057 vi,

136 2081 167 2117 si
195 2081 310 2117 aliter
337 2091 415 2116 non
443 2081 608 2128 possent,
640 2076 686 2113 de
716 2076 797 2113 foro
825 2075 1071 2121 abducerent,
1102 2075 1184 2125 ipse
1212 2088 1316 2114 nunc

136 2148 287 2197 plebem
324 2146 545 2183 saevientem
592 2145 768 2194 precibus
815 2143 984 2189 lenisset,
1031 2155 1135 2179 nunc
1172 2149 1317 2181 orasset

89 2222 119 2247 ¹6
136 2214 324 2259 tribunos,
356 2217 400 2249 ut
427 2211 630 2248 concilium
660 2210 925 2247 dimitterent:
967 2208 1105 2245 darent
1137 2207 1202 2244 irae
1235 2221 1315 2258 spa-
