1438 2466
173 108 222 145 82
694 109 843 146 LIVII
989 108 1122 161 [A.U.c.
1150 114 1355 162 289—290

172 204 343 253 adeoque
372 205 484 254 pauci
513 203 671 241 nomina
699 205 848 251 dedere,
880 214 924 242 ut
952 207 1001 243 ad
1029 207 1264 256 explendum
1289 222 1357 245 nu-

173 283 322 307 merum
360 271 485 308 coloni
522 271 658 308 Volsci
688 273 923 309 adderentur
935 285 946 319 3
984 277 1110 309 cetera
1145 273 1357 310 multitudo

141 347 156 371 8
173 349 326 384 poscere
347 336 480 372 Romae
493 349 628 385 agrum
645 337 758 373 malle
771 351 886 387 quam
901 338 994 374 alibi
1012 338 1192 387 accipere.
1232 338 1358 387 AEqui

174 414 197 436 a
215 400 259 445 Q.
283 400 402 437 Fabio
424 400 472 448 (is
492 413 535 437 eo
555 414 643 437 cum
662 402 837 438 exercitu
855 402 1033 453 venerat)
1051 415 1183 452 pacem
1197 403 1353 452 petiere,

173 465 402 514 irritamque
430 478 513 501 eam
542 466 614 515 ipsi
646 467 775 503 subita
803 467 1023 504 incursione
1051 469 1092 504 in
1120 480 1254 517 agrum
1288 468 1358 505 La-

175 532 303 568 tinum
323 531 454 567 fecere.

134 592 155 628 2
255 595 297 639 Q.
336 594 521 631 Servilius
552 595 773 644 insequenti
803 609 903 633 anno
936 596 984 645 (is
1024 597 1127 634 enim
1165 611 1253 635 cum
1291 597 1353 647 Sp.

490 659 690 696 Postumio
716 661 850 697 consul
873 660 965 711 fuit)
987 662 1027 697 in
1048 662 1200 711 AEquos
1219 663 1358 699 missus

487 724 530 760 in
557 723 699 761 Latino
721 737 813 774 agro
839 727 983 763 stativa
1012 727 1150 764 habuit
1185 725 1354 779 [castra].

177 790 294 835 Quies
317 789 531 826 necessaria
555 789 688 826 morbo
713 789 947 839 implicitum
975 792 1187 828 exercitum
1215 791 1354 828 tenuit.

143 869 157 884 2
176 854 408 890 Extractum
445 854 486 889 in
515 853 675 889 tertium
709 866 853 890 annum
888 853 1033 890 bellum
1063 859 1131 902 est,
1160 854 1203 899 Q.
1238 854 1358 891 Fabio

175 924 214 956 et
233 919 273 955 T.
297 918 480 963 Quinctio
499 917 729 955 consulibus.
787 917 908 954 Fabio
928 922 1039 954 extra
1059 918 1244 964 ordinem,
1267 918 1359 967 quia

174 984 207 1020 is
243 984 366 1020 victor
403 995 530 1033 pacem
560 982 702 1032 AEquis
738 982 910 1029 dederat,
940 996 984 1020 ea
1020 983 1220 1033 provincia
1252 983 1353 1022 data.

144 1065 158 1088 3
176 1050 253 1094 Qui
282 1049 387 1086 haud
423 1048 541 1085 dubia
577 1060 644 1097 spe
680 1047 883 1097 profectus,
916 1047 1059 1084 famam
1096 1048 1264 1085 nominis
1298 1049 1358 1085 sui

176 1119 400 1162 pacaturam
419 1112 582 1161 AEquos‚
603 1112 748 1161 legatos
767 1112 810 1148 in
836 1112 1042 1149 concilium
1067 1113 1194 1161 gentis
1224 1112 1359 1150 missos

177 1179 357 1215 nuntiare
394 1178 519 1223 iussit,
555 1177 598 1221 Q.
635 1177 802 1214 Fabium
839 1177 1031 1214 consulem
1071 1177 1208 1224 dicere,
1240 1190 1278 1214 se
1311 1191 1360 1215 ex

177 1245 319 1294 AEquis
337 1257 470 1294 pacem
490 1243 656 1280 Romam
675 1242 821 1290 tulisse,
840 1244 888 1279 ab
908 1243 1034 1280 Roma
1053 1243 1195 1293 AEquis
1214 1244 1357 1280 bellum

177 1312 311 1349 afferre
349 1310 480 1347 eadem
519 1309 680 1346 dextera
717 1313 877 1356 armata,
912 1322 1028 1358 quam
1065 1314 1242 1359 pacatam
1280 1309 1360 1346 illis

144 1397 158 1419 4
177 1382 291 1414 antea
318 1376 485 1413 dederat.
545 1374 718 1419 Quorum
748 1374 788 1410 id
815 1375 977 1424 perfidia
1005 1379 1044 1412 et
1073 1366 1244 1424 periurio
1276 1375 1356 1421 fiat,

178 1442 266 1479 deos
292 1454 396 1478 nunc
421 1444 539 1477 testes
566 1452 657 1486 esse,
689 1452 780 1475 mox
808 1439 890 1476 fore
921 1439 1075 1476 ultores.
1135 1438 1183 1476 Se
1215 1444 1358 1485 tamen,

177 1512 372 1556 utcunque
391 1506 453 1551 sit,
474 1506 589 1542 etiam
610 1517 724 1551 nunc,
744 1505 929 1554 paenitere
952 1518 1021 1541 sua
1043 1508 1181 1554 sponte
1209 1505 1359 1555 AEquos

145 1591 159 1615 5
177 1584 292 1621 quam
328 1571 412 1621 pati
444 1570 611 1618 hostilia,
646 1569 770 1606 malle.
831 1568 871 1606 Si
909 1569 1104 1618 paeniteat,
1136 1575 1268 1606 tutum
1306 1583 1361 1608 re-

177 1641 332 1686 ceptum
360 1636 409 1672 ad
437 1640 637 1685 expertam
671 1634 915 1672 clementiam
951 1634 1032 1672 fore
1047 1648 1058 1681 3
1098 1635 1159 1672 sin
1188 1635 1360 1684 periurio

176 1700 381 1750 gaudeant,
416 1699 475 1736 dis
512 1699 634 1747 magis
670 1699 782 1735 iratis
819 1711 934 1747 quam
972 1698 1149 1736 hostibus
1185 1704 1361 1749 gesturos

143 1780 158 1804 6
177 1766 329 1803 bellum.
388 1765 485 1802 Haec
511 1764 614 1801 dicta
636 1765 730 1801 adeo
758 1764 857 1801 nihil
879 1768 1087 1801 moverunt
1113 1777 1355 1815 quemquam,

176 1835 221 1868 ut
245 1830 363 1880 legati
391 1843 508 1879 prope
534 1829 672 1866 violati
697 1830 776 1866 sint
804 1829 1072 1879 exercitusque
1100 1830 1142 1866 in
1170 1829 1360 1879 Algidum

143 1913 158 1936 7
177 1895 360 1932 adversus
389 1894 587 1931 Romanos
626 1894 774 1931 missus.
834 1894 928 1938 Quae
958 1894 1027 1930 ubi
1066 1893 1231 1931 Romam
1268 1899 1361 1932 sunt

175 1959 366 2005 nuntiata,
396 1959 609 2008 indignitas
642 1958 699 1994 rei
725 1958 846 2007 magis
884 1971 1000 2007 quam
1028 1958 1245 2008 periculum
1274 1971 1359 1995 con-

174 2024 295 2061 sulem
329 2023 495 2060 alterum
523 2023 572 2060 ab
601 2023 696 2060 urbe
725 2023 879 2060 excivit.
939 2022 1004 2059 Ita
1036 2023 1112 2059 duo
1143 2022 1359 2059 consulares

174 2087 366 2124 exercitus
394 2087 442 2124 ad
471 2086 621 2123 hostem
651 2099 839 2123 accessere
868 2087 949 2123 acie
975 2087 1179 2133 instructa,
1201 2092 1246 2124 ut
1274 2100 1359 2124 cou-

139 2165 155 2190 8
174 2152 300 2188 sestim
321 2151 560 2189 dimicarent,
619 2151 693 2188 Sed
713 2163 832 2201 quum
852 2150 953 2188 forte
972 2151 1076 2188 haud
1095 2151 1261 2188 multum
1282 2151 1357 2189 diei

172 2221 398 2266 superesset,
420 2230 522 2253 unus
541 2217 590 2253 ab
613 2216 780 2253 statione
807 2216 975 2253 hostium
1001 2217 1216 2253 exclamat:
1249 2219 1271 2237 “
1287 2216 1357 2254 Os-

176 700 244 723 u⁷ar
255 699 316 723 with
330 698 416 729 AEqui.
