1438 2466
136 162 241 190 A.cn.
265 149 491 201 493—491]
593 149 763 186 LIBER
802 148 860 187 II.
1265 149 1316 186 43

135 259 279 284 auxere
310 259 514 284 numerum
547 247 769 284 colonorum
799 246 981 293 Romani,
1001 250 1041 282 et
1071 246 1245 282 Norbam
1275 246 1316 282 in

136 315 287 349 montes
311 324 453 348 novam
472 310 672 357 coloniam,
693 323 777 360 quae
806 322 877 347 arx
904 310 946 346 in
972 309 1182 359 Pomptino
1207 313 1315 356 esset,

136 376 336 413 miserunt.

217 440 272 477 M.
309 439 486 477 Minucio
515 439 655 476 deinde
685 444 725 476 et
754 439 804 476 A.
838 438 1064 488 Sempronio
1096 437 1318 475 consulibus
1336 451 1350 475 7

136 517 277 554 magna
313 505 372 541 vis
401 504 590 541 frumenti
616 517 665 541 ex
699 503 832 540 Sicilia
862 503 1032 548 advecta,
1063 517 1319 553 Coriolanusbegins

136 568 404 617 agitatumque
422 567 464 604 in
483 572 631 613 senatu,
652 567 791 616 quanti
809 566 913 616 plebi
932 566 1035 603 dare·
1063 549 1320 607 ἷῖἷέζιιιῗιῑὲυὲῗᾞιῗῖ

137 637 218 669 tur.
279 632 403 669 Multi
438 633 590 670 venisse
627 636 782 682 tempus
817 631 1035 681 premendae
1063 609 1319 701 ΞΞΘΞΞΞΞΞἛΞΞΞ
1335 638 1351 662 8

84 724 88 728 i
142 695 265 746 plebis
278 696 470 746 putabant
487 696 815 746 recuperandique
834 696 931 741 iura,
952 708 1036 745 quae
1064 701 1320 761 iqffnstdiiiffffoussss

139 764 293 797 extorta
318 761 528 797 secessione
556 773 600 797 ac
628 760 667 797 vi
694 760 870 810 patribus
897 763 1034 796 essent.
1065 766 1116 793 try·

139 824 190 861 In
209 824 344 873 primis
364 824 538 860 Marcius
558 823 798 870 Coriolanus,
815 823 938 859 hostis
956 821 1174 859 tribuniciae
1194 826 1318 871 potes-

139 889 244 932 tatis,
283 889 356 926 “Si
395 889 616 925 annonam”
656 888 787 937 inquit
825 890 1024 924 “veterem
1070 887 1222 932 volunt,
1260 886 1321 922 ius
1337 907 1354 932 9

139 953 348 1002 pristinum
376 953 541 989 reddant
568 952 755 1002 patribus.
813 951 893 989 Cur
912 963 981 1000 ego
1000 950 1169 1000 plebeios
1188 949 1322 998 magis-

139 1022 278 1064 tratus,
297 1030 366 1054 cur
394 1017 582 1054 Sicinium
611 1021 809 1066 potentem
837 1016 961 1061 video,
981 1016 1054 1052 sub
1081 1015 1213 1064 iugum
1234 1014 1321 1051 mis-

140 1095 217 1128 sus,
249 1087 435 1131 tanquam
465 1082 514 1118 ab
544 1081 762 1118 latronibus
791 1080 1038 1129 redemptus?
1094 1079 1224 1129 Egone
1252 1079 1322 1116 has
1342 1101 1373 1119 ιο

140 1145 395 1195 indignitates
422 1146 571 1182 diutius
599 1146 737 1195 patiar,
767 1158 882 1194 quam
912 1157 1063 1182 necesse
1095 1144 1177 1181 est'l
1231 1143 1322 1180 Tar-

142 1210 321 1260 quinium
354 1223 482 1260 regem
515 1211 582 1260 qui
620 1223 699 1247 non
736 1210 906 1255 tulerim,
946 1209 1136 1246 Sicinium
1173 1208 1321 1245 feram‘l

143 1274 305 1312 Secedat
337 1287 459 1323 nun03
492 1279 630 1311 avocet
662 1275 813 1324 plebem
822 1288 831 1321 ;
863 1278 971 1323 patet
1000 1274 1065 1310 via
1094 1274 1135 1310 in
1165 1273 1323 1310 Sacrum

142 1344 315 1376 montem
348 1339 519 1389 aliosque
551 1339 665 1376 colles
675 1353 684 1386 3
718 1339 875 1388 rapiant
906 1339 1102 1375 frumenta
1138 1351 1187 1375 ex
1223 1337 1324 1386 agris

142 1402 297 1449 nostris,
318 1403 641 1452 quemadmodum
661 1403 780 1440 tertio
799 1416 901 1439 anno
920 1415 1091 1451 rapuere.
1126 1402 1325 1439 Fruantur
1343 1426 1370 1442 η

144 1480 308 1513 annona,
338 1480 452 1516 quam
483 1468 612 1504 furore
642 1480 711 1504 suo
742 1467 872 1504 fecere.
926 1467 1067 1504 Audeo
1097 1467 1233 1512 dicere,
1254 1466 1325 1503 hoc

145 1531 246 1569 malo
264 1532 430 1569 domitos
445 1531 548 1581 ipsos
566 1532 696 1581 potius
715 1532 882 1569 cultores
900 1544 1078 1581 agrorum
1098 1531 1189 1577 fore,
1209 1544 1324 1580 quam

146 1600 192 1632 ut
221 1596 363 1632 armati
395 1609 464 1645 per
493 1597 743 1633 secessionem
777 1596 851 1633 coli
883 1596 1150 1645 prohibeant.''
1205 1595 1325 1632 Haud
1345 1620 1374 1636 12

145 1665 226 1696 tam
236 1659 353 1697 *facile
368 1660 475 1697 dictu
490 1664 559 1706 est,
579 1661 851 1698 faciendumne
871 1660 999 1706 fuerit,
1020 1673 1133 1709 quam
1155 1660 1326 1709 potuisse

146 1724 314 1762 arbitror
345 1725 439 1771 fieri,
474 1730 520 1762 ut
549 1725 838 1762 condicionibus
877 1724 1034 1761 laxandi
1064 1737 1257 1761 annonam
1288 1729 1328 1762 et

147 1789 395 1826 tribuniciam
413 1794 648 1839 potestatem
669 1795 707 1827 et
726 1789 856 1826 omnia
881 1789 1017 1825 invitis
1042 1789 1129 1826 iura
1147 1789 1328 1838 imposita

148 1858 278 1902 patres
307 1854 508 1892 demerent
537 1855 621 1893 sibi.
681 1855 734 1891 Et
764 1855 918 1891 senatui
950 1854 1066 1891 nimis
1098 1859 1211 1891 atrox
1244 1855 1328 1892 visa
1344 1861 1393 1899 35

147 1918 342 1954 sententia
369 1923 428 1955 est
455 1923 495 1956 et
522 1919 672 1968 plebem
701 1919 759 1956 ira
777 1931 895 1969 prope
914 1919 1091 1955 armavit.
1150 1919 1268 1956 Fame
1287 1932 1327 1956 se

148 1981 226 2018 iam
245 1982 345 2019 sicut
363 1983 492 2021 hostes
511 1985 604 2033 peti,
625 1985 709 2021 cibo
734 1984 919 2033 victuque
946 1984 1136 2030 fraudari;
1164 1985 1328 2034 peregri-

149 2059 243 2083 num
263 2048 513 2094 frumentum,
535 2062 619 2098 quae
647 2049 727 2086 sola
755 2049 941 2085 alimenta
969 2062 1016 2085 ex
1036 2049 1230 2098 insperato
1250 2050 1325 2086 for-

149 2116 247 2148 tuna
278 2111 439 2159 dederit,
474 2114 522 2149 ab
558 2126 623 2150 ore
660 2114 754 2162 rapi,
789 2113 862 2149 nisi
903 2113 971 2149 Cn.
1017 2113 1164 2149 Marcio
1208 2113 1328 2150 vincti

150 2175 342 2212 dedantur
368 2177 529 2223 tribuni,
550 2178 624 2214 nisi
653 2178 700 2214 de
728 2182 836 2227 tergo
863 2177 986 2226 plebis
1015 2177 1199 2213 Romanae
1219 2179 1327 2215 satis-

151 2240 237 2288 fiat5
257 2253 345 2278 eum
364 2242 435 2279 sibi
457 2242 675 2279 carnificem
695 2255 839 2279 novum
860 2246 1050 2288 exortum,
1066 2242 1133 2291 qui
1147 2247 1216 2279 aut
1230 2244 1326 2280 mori
