1438 2466
134 117 183 154 30
575 112 749 149 LIBER
776 114 836 150 Π.
1085 109 1214 167 [Alae.
1242 118 1315 154 286

134 215 265 251 sonitu
289 214 511 260 saeviebant,
532 215 704 250 intentos
731 214 839 250 velut
862 213 912 250 ad
937 213 1127 263 impetum
1145 214 1316 250 hostium

67 273 115 311 65
135 279 272 315 tenuit.
342 278 425 315 Ubi
462 278 606 324 illuxit,
648 280 853 316 Romanus
888 278 1042 327 integer
1074 278 1315 328 satiatusque

134 356 266 380 somno
299 343 512 393 productus
541 344 583 380 in
615 344 737 380 aciem
768 344 913 381 fessum
941 343 1080 381 stando
1108 348 1149 380 et
1172 344 1317 393 vigiliis

102 424 116 440 2
135 407 320 445 Volscum
353 408 478 458 primo
510 409 660 457 impetu
689 408 881 458 perculit3
917 420 1139 457 quanquam
1172 420 1318 444 cessere

134 474 257 522 magis
287 486 403 522 quam
434 474 536 522 pulsi
569 473 700 510 hostes
733 477 836 519 sunt,
869 473 959 522 quia
993 473 1041 509 ab
1069 476 1178 521 tergo
1206 477 1318 509 erant

135 538 236 583 clivi,
263 538 305 574 in
334 551 428 587 quos
456 542 544 588 post
572 538 763 587 principia
790 537 953 587 integris
981 536 1182 573 ordinibus
1207 541 1318 574 tutus

137 608 311 651 receptus
331 602 418 639 fujt.
478 601 634 649 Consul,
655 603 722 638 ubi
742 602 791 638 ad
810 601 989 650 iniquum
1008 601 1135 637 locum
1155 605 1316 638 ventum

136 670 205 711 est,
226 667 331 702 sistit
359 667 489 703 aciem.
550 666 666 703 Miles
692 679 792 716 aegre
817 665 953 711 teneri,
982 665 1147 701 clamare
1173 668 1213 701 et
1236 677 1320 714 pos·

104 749 118 773 3
136 743 231 776 cere,
272 735 316 767 ut
361 731 547 780 perculsis
594 731 740 767 instare
786 730 910 767 liceat.
969 730 1152 767 Ferocius
1197 735 1319 779 agunt

137 794 286 843 equites
300 808 310 841 ;
348 795 571 831 circumfusi
600 795 689 832 duci
718 795 991 841 vociferantur,
1023 808 1062 831 se
1090 798 1180 831 ante
1208 794 1319 844 signa

136 861 269 897 ituros.
329 859 436 896 Dum
469 864 676 896 cunctatur
703 860 848 906 consul,
871 860 1020 897 virtute
1048 860 1219 896 militum
1248 860 1319 896 fre-

137 927 210 971 tus,
233 923 315 960 loco
343 935 479 972 parum
508 923 641 969 fidens,
664 924 907 960 conclamant
935 936 975 960 se
1003 923 1138 969 ituros,
1163 924 1319 960 clamor-

137 1001 272 1038 emque
310 1001 371 1025 res
407 992 466 1024 est
503 993 643 1026 secuta.
705 989 735 1024 F
738 989 813 1025 ixis
849 989 892 1024 in
930 993 1074 1025 terram
1105 989 1205 1038 pilis,
1244 1001 1320 1038 quo

107 1065 120 1087 ⁴
138 1053 301 1089 leviores
331 1052 453 1088 ardua
490 1052 710 1098 evaderent,
750 1065 864 1089 cursu
904 1053 1081 1089 subeunt.
1141 1052 1318 1099 Volscus,

137 1116 268 1153 effusis
305 1116 353 1153 ad
391 1116 560 1165 primum
598 1117 787 1165 impetum
829 1117 1040 1153 missilibus
1086 1117 1186 1164 telis,
1227 1131 1320 1155 saxa

137 1182 354 1219 obiacentia
381 1182 543 1232 pedibus
571 1176 716 1231 ingerit
743 1182 786 1218 in
814 1183 1037 1229 subeuntes,
1068 1183 1320 1232 turbatosque

136 1248 277 1285 ictibus
313 1247 456 1284 crebris
494 1252 608 1296 urget
644 1259 691 1283 ex
731 1248 928 1296 superiore
956 1247 1048 1285 loco.
1108 1248 1170 1285 Sic
1202 1260 1321 1297 prope

136 1315 340 1348 oneratum
369 1316 428 1348 est
455 1311 658 1348 sinistrum
690 1311 878 1348 Romanis
905 1325 1036 1358 cornu,
1058 1312 1100 1348 ni
1124 1313 1322 1350 referenti-

137 1377 209 1412 bus
228 1377 306 1412 iam
324 1376 487 1425 gradum
507 1375 650 1421 consul,
667 1375 901 1425 increpando
916 1376 1032 1412 simul
1048 1377 1319 1424 temeritatem,

105 1458 119 1481 5
136 1441 254 1478 simul
273 1441 479 1491 ignaviam,
503 1441 649 1490 pudore
668 1444 816 1477 metum
836 1441 1074 1478 excussisset.
1126 1441 1321 1480 Restitere

136 1506 261 1555 primo
285 1504 493 1542 obstinatis
518 1504 658 1541 animis
672 1518 683 1552 3
713 1504 862 1551 deinde,
885 1509 930 1541 ut
955 1504 1175 1542 obtinentes
1195 1505 1319 1543 locum

137 1571 239 1607 vires
276 1570 511 1616 reficiebant,
550 1569 698 1607 audent
745 1570 849 1606 ultro
894 1570 1057 1619 gradum
1094 1570 1237 1608 inferre
1281 1576 1322 1608 et

137 1634 301 1671 clamore
338 1636 524 1670 renovato
576 1636 821 1669 commovent
867 1633 987 1669 aciem
1001 1647 1011 1679 3
1053 1637 1139 1669 tum
1187 1646 1321 1671 rursus

136 1699 286 1747 impetu
311 1702 424 1747 capto
450 1698 658 1734 enituntur
678 1702 794 1746 atque
814 1702 1049 1746 exsuperant
1068 1698 1318 1747 iniquitatem

105 1763 221 1803 filoci.
279 1763 364 1800 Iam
400 1775 517 1812 prope
554 1767 648 1810 erat,
688 1766 733 1798 ut
770 1763 811 1799 in
844 1775 1038 1799 summum
1067 1763 1159 1799 clivi
1186 1764 1319 1813 iugum

138 1827 357 1874 evaderent,
379 1839 500 1877 quum
526 1831 635 1876 terga
660 1827 789 1863 hostes
813 1827 963 1873 dedere,
986 1827 1182 1877 effusoque
1205 1841 1319 1865 cursu

139 1905 245 1943 paene
273 1891 426 1941 agmine
454 1904 532 1928 uno
560 1891 754 1941 fugientes
773 1895 1053 1941 sequentesque
1072 1891 1208 1928 castris
1227 1892 1320 1929 inci-

138 1959 236 1994 dere.
295 1958 346 1993 In
370 1969 414 1993 eo
434 1969 576 2006 pavore
596 1961 722 1993 castra
742 1955 972 2005 capiuntur3
1001 1955 1069 2005 qui
1090 1955 1318 1993 Volscorum

107 2045 120 2068 7
138 2022 305 2071 effugere
330 2026 553 2070 potuerunt,
582 2020 752 2056 Ant-iuni
779 2025 927 2069 petunt.
987 2020 1158 2056 Antium
1186 2025 1226 2057 et
1245 2021 1319 2058 Ro-

138 2096 276 2120 manus
306 2084 496 2120 exercitus
528 2083 676 2120 ductus.
736 2082 883 2119 Paucos
916 2081 1206 2119 circumsessum
1238 2082 1319 2119 dies

138 2148 303 2192 deditur,
318 2147 427 2184 nulla
441 2147 749 2197 oppugnantium
762 2160 863 2184 nova
875 2148 925 2193 vi,
941 2147 1007 2183 sed
1022 2147 1125 2196 quod
1139 2147 1214 2184 iam
1229 2148 1318 2185 inde

137 2213 186 2249 ab
206 2212 350 2248 infelici
371 2225 500 2261 pugna
519 2214 731 2261 castrisque
751 2213 903 2249 amissis
923 2213 1140 2249 ceciderant
1159 2213 1289 2250 animi.
