1438 2466
146 110 196 146 34
664 107 725 144 LI
733 106 814 143 VII
1094 106 1223 159 [A.u.c.
1249 110 1322 146 260

113 228 128 246 2
144 208 274 245 omnia
301 212 444 244 temere
472 219 514 243 ac
541 206 705 243 fortuito
732 210 871 254 ageret.
929 205 1025 242 Eam
1049 218 1130 242 rem
1149 206 1322 244 consules

142 271 229 317 rati,
267 275 313 308 ut
349 275 443 317 erat,
483 270 734 319 perniciosam
771 269 821 306 ad
856 273 987 318 patres
1023 269 1215 316 deferunt,
1253 270 1320 307 sed

142 335 310 372 delatam
335 334 533 372 consulere
559 334 692 370 ordine
712 346 790 370 non
809 333 942 380 licuit3
970 333 1065 369 adeo
1084 333 1322 371 tumultuose

142 402 302 448 excepta
334 403 393 436 est
425 398 655 435 clamoribus
683 397 855 446 undique
887 401 926 433 et
962 397 1229 445 indignatione
1260 410 1323 447 pa-

141 467 258 509 trum,
289 464 331 508 si,
359 463 460 512 quod
489 463 648 512 imperio
677 462 868 499 consulari
896 461 1185 511 exsequendum
1212 466 1321 510 esset,

111 539 126 564 3
142 528 331 565 invidiam
359 529 442 565 eius
470 528 645 565 consules
672 527 721 564 ad
753 532 930 564 senatum
959 527 1172 564 reiicerent.
1229 527 1323 565 Pro·

141 592 252 637 fecto,
273 592 306 628 si
334 596 462 629 essent
489 592 530 628 in
558 604 599 628 re
626 591 780 641 publica
807 591 1066 640 magistratus,
1087 591 1240 628 nullum
1264 591 1323 629 fu-

141 660 274 692 turum
294 656 411 693 fuisse
432 657 565 694 Romae
584 656 660 693 nisi
678 656 876 706 publicum
896 656 1100 692 consilium
1115 669 1125 702 ;
1153 669 1258 694 nunc
1281 657 1324 693 in

142 719 249 756 mille
281 720 406 757 curias
435 721 720 770 contionesque,
756 733 877 769 quum
909 720 987 757 alia
1024 719 1096 772 [in]
1124 721 1320 770 Esquiliis,

143 784 219 821 alia
246 784 288 820 in
316 784 517 821 Aventino
545 785 643 821 fiant
669 785 840 832 concilia,
863 785 1073 834 dispersam
1102 790 1142 822 et
1169 785 1325 834 dissipa-

113 853 222 888 4tam
256 862 336 886 esse
368 862 449 886 rem
481 850 686 899 publicam.
745 849 882 887 Unum
913 850 1067 887 hercule
1104 850 1232 887 virum
1269 850 1324 897 (id

144 915 248 952 enim
271 915 359 965 plus
386 927 466 952 esse
485 927 601 963 quam
621 914 845 964 consulem),
866 914 992 963 qualis
1012 915 1115 964 App.
1139 915 1325 953 Claudius

144 980 273 1027 fuerit,
313 983 510 1017 momento
548 979 732 1028 temporis
769 979 1032 1017 discussurum
1074 979 1160 1016 illos
1205 984 1325 1017 coetus

112 1059 127 1084 s
144 1044 271 1081 fuisse.
329 1043 508 1094 Correpti
535 1043 709 1080 consules
737 1056 867 1092 quum,
895 1044 989 1092 quid
1017 1056 1105 1092 ergo
1133 1056 1173 1080 se
1200 1042 1325 1080 facere

145 1108 291 1146 vellent
319 1108 431 1158 (nihil
460 1108 563 1144 enim
588 1108 743 1156 segnius
771 1107 984 1154 molliusve,
1007 1120 1122 1156 quam
1150 1107 1326 1156 patribus

145 1172 303 1221 placeat,
334 1173 516 1222 acturos),
547 1175 877 1220 percontarentur,
899 1171 1122 1216 decernunt,
1142 1174 1187 1207 ut
1215 1170 1327 1207 dilec-

144 1241 230 1272 tum
258 1249 374 1285 quam
402 1235 630 1272 acerrimum
650 1235 841 1271 habeant:
869 1234 948 1271 otio
967 1233 1144 1271 lascivire
1163 1233 1321 1283 plebem.

114 1310 130 1335 6
146 1301 318 1338 Dimisso
337 1304 474 1337 senatu
487 1299 669 1336 consules
688 1299 729 1335 in
748 1298 921 1336 tribunal
941 1298 1152 1335 escendunt
1165 1312 1175 1345 3
1203 1298 1328 1335 citant

145 1365 376 1404 nominatim
404 1364 582 1401 iuniores.
641 1363 771 1409 Quum
799 1363 848 1400 ad
876 1375 1015 1399 nomen
1038 1375 1150 1399 nemo
1172 1356 1326 1411 respon-

147 1431 265 1477 deret,
296 1429 526 1467 circumfusa
553 1429 764 1466 multitudo
792 1430 833 1466 in
862 1429 1052 1465 contionis
1079 1428 1236 1464 modum
1265 1441 1328 1465 ne-

117 1517 130 1542 7
146 1507 246 1546 gare,
267 1494 371 1531 ultra
390 1493 513 1543 decipi
536 1493 686 1543 plebem
706 1505 814 1542 posse
829 1507 840 1539 3
870 1505 1070 1542 nunquam
1090 1505 1211 1529 unum
1231 1492 1328 1529 mili-

147 1564 227 1596 tem
245 1558 457 1605 habituros,
475 1559 516 1594 ni
530 1562 779 1607 praestaretur
794 1557 886 1594 fides
905 1557 1059 1606 publica
1071 1570 1082 1603 3
1110 1557 1327 1594 libertatem

147 1623 356 1672 unicuique
381 1622 488 1672 prius
510 1621 744 1658 reddendam
764 1634 845 1658 esse
864 1634 981 1670 quam
999 1633 1106 1657 arma
1125 1621 1263 1667 danda,
1283 1626 1329 1658 ut

116 1699 131 1724 8
148 1699 218 1737 pro
236 1685 363 1736 patria
377 1685 612 1734 civibusque,
630 1698 709 1722 non
728 1697 797 1734 pro
816 1685 981 1722 dominis
1000 1689 1184 1734 pugnent.
1233 1684 1330 1722 Gon-

149 1750 260 1796 sules,
293 1749 386 1799 quid
418 1748 646 1785 mandatum
679 1752 779 1785 esset
805 1761 828 1784 a
855 1753 1002 1795 senatu,
1037 1748 1233 1793 videbant,
1263 1747 1328 1785 sed

150 1827 293 1860 eorum,
315 1813 382 1863 qui
405 1812 510 1850 intra
535 1813 700 1861 parietes
724 1812 838 1849 curiae
861 1812 1040 1849 ferociter
1066 1813 1328 1861 loquerentur,

150 1876 343 1914 neminem
362 1875 493 1912 adesse
512 1875 669 1912 invidiae
689 1888 765 1912 suae
785 1875 1010 1925 participem
1026 1889 1036 1922 ;
1063 1880 1102 1912 et
1120 1875 1331 1925 apparebat

119 1959 135 1984 9
151 1948 263 1980 atrox
282 1954 370 1979 cum
389 1941 499 1990 plebe
518 1945 725 1978 certamen.
764 1941 878 1977 Prius
896 1941 1039 1990 itaque,
1056 1954 1173 1990 quam
1192 1941 1332 1978 ultima

150 2007 429 2056 experirentur,
449 2010 623 2042 senatum
645 2005 785 2041 iterum
805 2005 1002 2042 consulere
1021 2005 1174 2054 placuit.
1231 2004 1331 2042 Tum

152 2084 243 2108 vero
267 2070 315 2107 ad
340 2070 453 2108 sellas
477 2070 679 2107 consulum
699 2083 858 2120 propere
878 2071 1129 2108 convolavere
1147 2071 1332 2109 minimus

152 2137 315 2187 quisque
335 2140 431 2173 natu
450 2140 618 2185 patrum,
639 2136 815 2172 abdicare
834 2135 1079 2173 consulatum
1097 2135 1274 2173 iubentes
1291 2140 1333 2174 et

151 2203 340 2253 deponere
358 2201 574 2251 imperium,
594 2200 642 2238 ad
662 2200 763 2250 quod
784 2201 969 2238 tuendum
999 2201 1150 2239 animus
1173 2201 1330 2239 deesset.
