1438 2466
185 120 256 157 142
702 119 851 157 LIVII
1127 120 1176 172 [A⁴
1188 133 1258 160 U.e.
1281 134 1356 172 305

149 217 298 254 sdavit.
368 218 534 254 Senatus
572 231 642 255 nec
681 218 829 267 plebem
867 219 1096 256 irritandam
1134 220 1284 257 censuit
1321 225 1358 257 et

180 281 303 319 multo
323 282 444 331 magis
465 282 760 331 providendum,
787 296 835 320 ne
855 284 949 332 quid
969 284 1150 333 Verginii
1168 285 1360 321 adventus

116 347 162 386 50
179 346 220 382 in
257 347 430 383 exercitu
468 352 597 384 motus
634 347 788 385 faceret.
859 349 999 397 Itaque
1041 349 1150 385 missi
1191 349 1359 386 iuniores

179 414 333 460 patrum
364 412 405 447 in
438 416 573 458 castra,
602 425 686 461 quae
713 416 798 449 tum
824 413 865 449 in
892 417 1024 450 monte
1052 412 1204 449 Vecilio
1235 417 1357 458 erant,

179 474 364 511 nuntiant
383 475 619 521 decemviris,
643 481 688 512 ut
713 476 819 512 omni
837 490 908 525 ope
927 477 976 513 ab
995 476 1183 513 seditione
1214 477 1356 513 milites

178 539 411 577 contineant.

145 621 159 638 α
261 603 324 639 Ibi
350 604 562 653 Verginius
589 606 784 652 maiorem,
805 619 919 655 quam
950 607 1160 656 reliquerat
1187 607 1228 643 in
1253 608 1358 653 urbe,

178 683 320 713 Verginius
329 684 468 711 retamim:
503 674 651 707 motum
671 671 824 708 excivit.
866 671 969 708 Nam
986 676 1239 721 praeterquam
1257 672 1358 721 quod

178 715 246 738 from
258 714 304 738 the
320 715 430 738 murder
442 715 470 739 os

177 745 218 769 ms
232 744 406 781 daugi1oertq
423 746 468 770 the
502 736 656 784 agmine
689 749 805 786 prope
838 737 1209 786 quadringentorum
1241 737 1358 774 homi-

177 782 292 805 campon
300 775 341 799 Mt
347 776 467 805 Algidus,

177 813 271 861 fflffifts
288 806 468 866 Qsssissfftuyfltlss
503 811 596 835 num
626 799 795 846 veniens,
828 800 895 848 qui
923 801 972 836 ab
1003 801 1098 836 urbe
1126 800 1360 850 indignitate

146 870 161 894 3
176 868 330 892 decemvirs.
503 865 559 900 rei
579 865 729 901 accensi
749 865 907 901 comites
926 865 960 901 ei
985 878 1023 901 se
1051 864 1247 911 dederant,
1275 878 1360 902 con—

176 933 329 979 spectus
359 931 428 972 est,
459 927 638 964 strictum
668 929 785 964 etiam
820 928 941 964 telum
976 942 1245 978 respersusque
1278 929 1359 978 ips-‚e

176 1008 310 1032 eruore
343 998 426 1031 tota
454 994 496 1030 in
526 1007 566 1031 se
598 998 723 1030 castra
756 994 958 1031 convertit.
1020 994 1071 1030 Et
1104 998 1201 1043 togae
1233 995 1359 1031 multi-

175 1060 313 1097 fariam
345 1060 386 1096 in
415 1060 551 1096 castris
581 1059 671 1095 visae
698 1059 853 1095 maioris
879 1059 1088 1108 aliquanto,
1120 1072 1234 1107 quam
1263 1063 1357 1105 erat,

143 1138 159 1161 ⁴
174 1125 337 1175 speciem
360 1124 516 1160 urbame
545 1123 809 1159 multitudinis
835 1123 1015 1162 fecerant.
1075 1123 1356 1170 Quaerentibus,

175 1189 269 1238 quid
289 1188 345 1225 rei
365 1192 475 1233 esset,
498 1187 592 1223 flens
612 1187 680 1222 diu
706 1199 838 1223 vocem
865 1199 941 1223 non
963 1187 1088 1232 misit;
1118 1186 1286 1232 tandem,
1316 1192 1360 1224 ut

174 1253 251 1289 iam
278 1266 326 1289 ex
353 1252 612 1302 trepidatione
638 1252 949 1289 concurrentium
975 1253 1090 1289 turba
1115 1253 1291 1289 constitit
1316 1266 1359 1289 ac

175 1317 374 1354 silentium
394 1317 483 1362 fuit,
505 1317 640 1354 ordine
660 1323 807 1364 cuneta,
831 1321 877 1354 ut
895 1321 1003 1366 gesta
1022 1322 1144 1363 erant,
1166 1318 1354 1367 exposuit.

143 1389 158 1414 ⁵
176 1382 344 1430 Supinas
363 1382 503 1419 deinde
518 1382 682 1418 tendens
697 1395 846 1427 manUS,
861 1382 1141 1418 commilitones
1161 1381 1358 1430 appellans

175 1446 321 1490 orabat,
346 1459 406 1491 ne,
433 1445 536 1494 quod
564 1444 688 1481 scelus
714 1445 816 1493 App.
841 1444 994 1480 Claudii
1021 1448 1131 1488 esset,
1154 1444 1226 1480 sibi
1247 1444 1357 1480 attri—

175 1511 339 1546 buerent
369 1523 445 1546 neu
474 1523 514 1546 se
542 1515 587 1545 ut
616 1509 845 1558 pz‘irricidam
874 1509 1041 1545 liberum
1074 1513 1355 1546 aversarentur.

143 1575 258 1611 ⁶Sibi
297 1575 417 1611 vitam
459 1576 545 1611 filiae
583 1588 652 1610 sua
689 1575 873 1611 cariorem
914 1574 1042 1619 fuisso,
1080 1573 1113 1610 si
1150 1573 1278 1609 liberte
1315 1586 1358 1609 ac

175 1638 321 1687 pudicae
342 1639 472 1674 vivere
499 1638 650 1674 licitum
675 1637 836 1684 fuisset;
865 1651 985 1687 quum
1010 1637 1120 1674 velut
1138 1650 1286 1673 servam
1309 1637 1357 1673 ad

174 1706 353 1751 stuprum
392 1702 477 1751 rapi
517 1703 677 1747 videret,
719 1707 840 1738 morte
884 1703 1013 1738 amitti
1052 1703 1189 1738 melius
1231 1708 1356 1738 ratum

175 1780 290 1816 quam
320 1767 556 1803 contumelia
586 1767 736 1811 liberos,
769 1767 1030 1803 misericordia
1060 1779 1100 1803 se
1127 1767 1168 1802 in
1193 1767 1355 1816 speciem

144 1840 156 1862 7
176 1831 418 1867 crudelitatis
439 1831 598 1879 lapsum.
643 1830 681 1866 N
686 1843 726 1867 ec
747 1844 786 1867 se
806 1831 1052 1880 superstitem
1074 1831 1161 1867 filiae
1182 1830 1355 1867 futurum

176 1896 302 1940 fuisse,
343 1895 418 1931 nisi
450 1908 557 1944 spem
587 1895 812 1932 ulciscendae
847 1897 982 1931 mortis
1018 1895 1102 1931 eius
1139 1895 1179 1930 in
1210 1895 1357 1931 auxilio

176 1961 483 1997 commilitonum
521 1960 727 1997 habuisset.
789 1960 872 1996 Illis
911 1972 1063 2009 quoque
1102 1959 1203 1995 enim
1245 1960 1352 2005 filiam,

175 2038 322 2063 sorores
348 2026 604 2075 coniugesque
627 2038 719 2070 esse,
742 2038 810 2061 nee
837 2038 924 2061 cum
956 2025 1034 2061 filia
1057 2037 1127 2061 sua
1157 2025 1354 2061 libidinem

176 2093 279 2140 App.
302 2091 457 2129 Claudii
484 2091 717 2127 exstinctam
741 2103 832 2137 esse,
861 2090 925 2125 sed
946 2103 1022 2139 quo
1041 2089 1270 2138 impunitior
1292 2090 1354 2135 sit,

142 2168 155 2189 a
174 2169 218 2191 oo
237 2155 518 2191 effrenatiorem
540 2154 631 2190 foro..
685 2154 825 2190 Aliena
843 2154 1063 2190 calamitate
1082 2153 1355 2190 documentum

175 2219 308 2256 datum
347 2219 426 2255 illis
462 2219 642 2255 cavendae
680 2219 817 2255 similis
854 2219 1016 2257 iniuriae.
1082 2219 1192 2264 Quod
1231 2219 1279 2256 ad
1315 2233 1356 2256 se
