1438 2466
122 119 197 156 100
424 144 426 147 v
645 121 791 159 LIVII
1068 123 1197 174 [A.U.c.
1222 136 1296 171 294

119 216 302 253 sollemne
321 217 364 253 in
382 218 552 266 singulos
571 231 693 254 annos
712 218 857 255 bellum
877 219 1099 266 timebatur,
1121 219 1296 269 propius-

86 296 100 320 5
119 292 193 328 que
220 280 327 317 aliud
355 293 501 317 novum
535 281 680 318 malum
712 282 942 331 necopinato
975 286 1164 320 exortum.
1222 283 1299 320 Ex-

119 346 220 382 sules
248 346 436 395 servique,
460 347 508 383 ad
537 347 612 383 duo
640 347 763 383 millia
791 347 992 384 hominum
1015 352 1055 384 et
1082 349 1295 398 quingenti,

119 409 213 446 duce
233 410 364 459 Appio
383 411 587 447 Herdonio
614 411 756 448 Sabino
779 415 891 448 nocte
920 411 1156 461 Capitolium
1181 417 1298 462 atque

87 483 102 508 6
119 487 243 510 arcem
282 487 524 523 occupavere.
584 475 798 512 Confestim
835 476 877 512 in
915 489 1000 513 arce
1037 475 1141 513 facta
1179 478 1297 515 caedes

119 551 263 574 eorum:
283 539 350 588 qui
370 539 570 575 coniurare
590 543 629 576 et
648 540 764 576 simul
784 553 919 589 capere
939 553 1047 577 arma
1067 541 1297 589 noluerant3

119 602 185 637 alii
218 602 321 638 inter
348 602 562 638 tumultum
590 603 805 652 praecipites
832 616 974 652 pavore
1007 604 1049 639 in
1081 604 1208 640 forum
1239 604 1300 641 de-

118 666 275 711 volant3
304 666 462 702 alternae
477 679 590 703 voces
612 667 707 703 “Ad
726 680 833 704 arma
844 669 863 686 ''
882 672 922 705 et
943 671 966 689 “
979 668 1125 705 Hostes
1143 669 1185 705 in
1205 669 1300 705 urbe

86 743 100 766 7
119 735 211 766 sunt
224 731 242 747 ''
273 730 542 768 audiebantur.
601 731 786 768 Consules
819 736 858 768 et
891 745 1041 768 armare
1078 732 1228 781 plebem
1260 737 1300 769 et

119 794 305 831 inermem
328 794 411 843 pati
438 795 638 832 timebant.
697 796 856 845 Incerti,
877 796 979 844 quod
1005 796 1150 832 malum
1170 809 1299 846 repen-

119 859 259 905 tinum,
281 863 485 895 externum
508 872 560 896 an
584 860 828 907 intestinum,
850 861 899 897 ab
922 860 1010 896 odio
1029 859 1152 909 plebis
1177 873 1227 896 an
1248 860 1297 896 ab

119 922 252 959 servili
282 921 431 969 fraude,
459 923 594 959 urbem
623 923 838 969 invasisset,
874 924 1060 960 sedabant
1090 923 1297 969 tumultus,

119 979 288 1023 sedando
308 986 505 1023 interdum
521 988 729 1023 movebant
742 1001 752 1033 3
781 1001 850 1024 nec
870 987 974 1023 enim
988 991 1142 1036 poterat
1158 987 1300 1036 pavida

86 1061 100 1084 8
119 1056 159 1087 et
184 1054 430 1087 consternata
459 1052 669 1088 multitudo
696 1052 777 1101 regi
802 1052 975 1100 imperio.
1034 1052 1141 1088 Dant
1169 1056 1299 1088 tamen

119 1127 238 1158 arma,
258 1126 337 1150 non
355 1114 482 1163 vulgo,
506 1119 662 1151 tantum
687 1119 743 1161 ut,
768 1116 916 1151 incerto
934 1115 1055 1161 hoste,
1076 1115 1298 1164 praesidium

121 1179 213 1215 satis
233 1178 352 1214 fidum
372 1178 421 1214 ad
440 1179 570 1215 omnia
590 1186 696 1215 esset.
757 1178 923 1216 Solliciti
950 1179 1143 1228 reliquum
1171 1180 1300 1215 noctis

120 1243 346 1291 incertique,
386 1242 453 1291 qui
482 1242 667 1288 homines,
703 1248 872 1292 quantus
905 1256 1090 1280 numerus
1127 1243 1298 1279 hostium

121 1312 230 1352 esset,
258 1305 300 1341 in
323 1305 557 1342 stationibus
585 1305 835 1355 disponendis
860 1307 909 1343 ad
935 1311 1152 1356 opportuna
1177 1306 1301 1347 omnis

86 1388 102 1412 9
121 1371 228 1407 urbis
247 1371 330 1407 loca
349 1383 469 1420 egere.
528 1371 616 1407 Lux
642 1371 780 1408 deinde
806 1371 959 1421 aperuit
985 1371 1127 1407 bellum
1148 1371 1299 1408 ducem-

121 1449 196 1486 que
228 1436 331 1473 belli.
389 1436 528 1472 Servos
557 1437 605 1473 ad
636 1437 856 1473 libertatem
885 1436 1040 1485 Appius
1074 1436 1299 1473 Herdonius

121 1514 169 1537 ex
185 1500 375 1549 Capitolio
392 1500 575 1538 vocabat:
605 1513 644 1537 sc
664 1500 871 1537 miserrimi
890 1500 1074 1548 cuiusque
1093 1500 1302 1547 suscepisse

121 1577 286 1610 causam,
307 1567 352 1600 ut
371 1564 524 1600 exsules
542 1564 687 1600 iniuria
706 1564 836 1613 pulsos
855 1563 897 1599 in
916 1564 1082 1612 patriam
1104 1563 1303 1599 reduceret

121 1632 162 1664 et
197 1628 366 1664 servitiis
401 1640 519 1676 grave
556 1628 689 1677 iugum
720 1628 889 1664 demeret
904 1641 912 1672 3
942 1627 980 1663 id
1011 1627 1125 1663 malle
1161 1626 1302 1675 populo

124 1693 300 1729 Romano
326 1697 481 1729 auctore
506 1692 589 1729 fieri
603 1706 612 1739 3
642 1692 674 1729 si
702 1692 757 1728 ibi
780 1704 865 1740 spes
891 1704 967 1726 non
995 1691 1058 1735 sit,
1082 1703 1120 1727 se
1141 1691 1302 1727 Volscos

123 1762 161 1793 ct
190 1756 342 1805 AEquos
365 1760 404 1792 et
437 1756 567 1792 omnia
599 1760 774 1792 extrema
801 1759 1042 1791 tentaturum
1073 1760 1112 1790 et
1140 1754 1301 1791 concita-

55 1828 101 1864 16
122 1836 405 1892 T¹¹⁰¹³⁸²¹ffi³²²¹¹q⁸ttfq⁰ss¹ff
439 1825 582 1858 turum.
646 1821 828 1857 Diluccre
865 1832 925 1855 res
966 1820 1087 1867 magis
1126 1819 1301 1867 patribus

122 1875 138 1891 a
169 1875 249 1897 gener
314 1882 319 1891 ‹
355 1881 361 1890 ‹
397 1873 404 1878 '

122 1898 189 1922 from
217 1898 263 1922 the
291 1897 405 1922 enemies
441 1891 557 1935 atque
595 1886 826 1922 consulibus.
891 1885 1038 1921 Praetor
1076 1898 1119 1920 ca
1158 1893 1298 1929 tamen,

122 1930 149 1953 uf
161 1930 247 1953 Rome
259 1928 293 1952 all
306 1928 405 1953 round:

122 1960 168 2014 {fle
190 1959 407 2020 ιὲὲὲἓὲξῗίοῗοὲξ
440 1963 525 2000 quae
544 1951 886 1996 denuntiabantur,
909 1963 956 1985 no
979 1949 1204 1985 Veientium
1226 1961 1300 1985 neu

154 1998 167 2014 θ
281 2006 287 2013 ι

89 2041 103 2058 2
122 2020 306 2075 {psskffisspittffl
324 2026 406 2080 &trie
440 2015 671 2052 Sabinorum
702 2015 741 2051 id
774 2014 977 2051 consilium
1008 2018 1119 2059 esset,
1152 2013 1298 2058 timere,

122 2082 204 2136 ainus,
229 2081 282 2105 “nd
310 2080 405 2105 *ndum
439 2084 489 2124 ct,
511 2093 629 2128 quum
651 2083 804 2116 tantum
825 2079 865 2114 in
885 2079 979 2115 urbe
999 2078 1166 2115 hostium
1190 2082 1300 2123 osset,

144 2119 167 2136 tc
184 2119 246 2136 men
268 2113 297 2135 to
315 2111 405 2135 desert

120 2142 191 2167 ‘¹¹⁰¹‘
203 2144 282 2174 ΡΝ*
439 2157 529 2180 mox
566 2144 717 2180 Sabinae
756 2143 1005 2191 Etruscaequc
1046 2142 1214 2190 legiones
1251 2153 1298 2177 ex

123 2207 331 2255 composito
351 2208 540 2252 adessent,
555 2212 637 2243 tum
659 2207 793 2243 :eterni
815 2207 951 2249 hoste&
969 2205 1098 2242 Volsci
1114 2209 1154 2241 et
1166 2204 1299 2254 AEqui,
