1438 2466
111 150 159 186 26
633 148 692 183 LI
702 147 782 183 VII
1060 147 1190 199 [mue.
1215 160 1289 198 259

79 258 92 281 s
191 246 291 294 App.
334 244 520 282 Claudius
557 245 696 281 deinde
734 249 774 282 et
806 245 851 284 P.
891 245 1080 282 Servilius
1117 246 1292 282 consules

109 309 209 346 facti.
268 308 442 357 Insignis
457 309 519 345 hic
538 321 666 345 annus
685 312 744 345 est
761 309 902 345 nuntio
921 308 1126 357 Tarquinii
1144 309 1289 345 mortis.

112 373 294 410 Mortuus
323 372 468 417 Cumis,
496 385 573 420 quo
601 385 640 408 se
668 376 756 420 post
783 372 924 408 fractas
952 385 1042 421 opes
1065 372 1292 409 Latinorum

78 437 159 472 aad
191 436 486 474 Aristodemum
523 441 737 484 tyrannum
774 437 1001 473 contulerat.
1060 437 1118 472 Eo
1155 437 1295 472 nuntio

110 503 225 538 erecti
253 507 393 551 patres,
419 505 545 537 erecta
573 500 703 549 plebes
716 513 726 546 3
755 500 821 536 sed
846 501 1022 549 patribus
1044 501 1160 536 nimis
1185 500 1297 536 luxu-

110 566 210 603 riosa
235 580 278 602 ea
307 566 382 603 fuit
407 565 546 602 laetitia
560 578 570 611 3
600 564 715 613 plebi,
737 564 800 601 cui
825 565 875 602 ad
903 578 987 601 eam
1016 565 1118 601 diem
1147 577 1297 601 summa

110 644 180 679 ope
203 631 433 667 inservitum
452 633 546 676 erat,
566 629 720 666 iniuriae
740 643 763 666 a
781 630 1014 679 primoribus
1033 630 1117 667 fieri
1139 642 1294 679 coepere.

79 706 94 729 7
112 693 258 730 Eodem
289 706 391 729 anno
425 693 559 742 Signia
596 692 756 739 colonia,
791 706 909 742 quam
947 706 1016 729 rex
1062 693 1298 742 Tarquinius

111 757 335 803 deduxerat,
357 757 535 807 supplebo
555 770 717 794 numero
735 758 958 794 colonorum
973 758 1117 794 iterum
1133 758 1299 794 deducta

111 827 178 858 est.
238 822 373 858 Romae
402 822 527 858 tribus
556 835 635 858 una
654 827 693 858 et
713 822 854 871 viginti
874 823 996 860 factae
1053 822 1177 859 AEdes
1197 822 1299 858 Mor-

111 886 209 922 curii
229 887 407 922 dedicata
425 891 484 922 cst
503 886 632 922 idibus
653 886 781 922 Maiis.

46 951 94 988 22
193 950 292 986 Cum
331 950 558 986 Volscorum
592 954 707 999 gente
738 950 881 987 Latino
919 951 1019 986 bello
1058 963 1182 999 neque
1224 963 1299 999 pax

375 1027 500 1063 neque
520 1014 665 1050 bellum
686 1015 814 1051 fuerat
830 1028 839 1061 ;
867 1028 957 1051 nam
985 1019 1024 1051 et
1044 1015 1179 1051 Volsci
1205 1028 1299 1051 com-

115 1060 354 1085 Warwitlnvolsci.
712 1079 719 1085 .
742 1079 749 1086 .
957 1079 964 1086 .
1217 1080 1223 1086 .
1259 1079 1266 1086 .

373 1083 610 1128 paraverant
628 1080 785 1126 auxilia,
808 1092 894 1128 quae
914 1084 1118 1116 mitterent
1136 1079 1299 1125 Lamus,

114 1144 155 1179 ni
170 1147 409 1179 maturatum
429 1142 477 1178 ab
497 1142 686 1179 dictatore
709 1143 886 1179 Romano
906 1147 1016 1189 esset,
1031 1147 1072 1178 et
1090 1143 1304 1179 maturavit

117 1207 329 1251 Romanus,
342 1220 390 1243 ne
410 1206 545 1255 proelio
565 1219 643 1242 uno
658 1219 746 1243 cum
762 1206 904 1243 Latino
918 1207 1138 1255 Volscoque
1150 1210 1303 1243 conten-

83 1294 97 1309 2
116 1273 232 1310 deret.
260 1272 348 1309 Hac
360 1272 418 1308 ira
433 1271 608 1308 consules
623 1271 664 1307 in
678 1271 864 1307 Volscum
877 1283 1013 1320 agrum
1026 1271 1196 1320 legiones
1210 1270 1304 1306 dux-

117 1351 188 1375 ere.
225 1338 388 1374 Volscos
407 1337 559 1374 consilii
580 1350 730 1386 poenam
751 1349 828 1373 non
843 1342 1060 1374 metuentes
1074 1336 1304 1385 necopinata

117 1416 175 1438 res
196 1402 378 1451 perculit3
405 1414 601 1438 armorum
621 1402 865 1438 immemores
884 1402 1035 1437 obsides
1051 1401 1147 1437 dant
1160 1406 1305 1437 trecen-

118 1473 176 1504 tos
209 1468 427 1517 principum
463 1481 485 1503 a
523 1467 624 1503 Cora
659 1472 777 1516 atque
817 1467 995 1504 Pometia
1032 1467 1182 1503 liberos.
1225 1466 1312 1521 ,EQ

87 1552 100 1574 3
118 1530 742 1585 κὶηξῖ11131’1;ῑι111111(111111εξγξῑγρᾀῑιοὺεθἼ
757 1530 955 1581 lengll-QQ>
995 1531 1078 1567 Noc
1103 1531 1160 1566 ita
1182 1530 1306 1566 multo

121 1582 205 1645 post
243 1595 396 1631 Volscis
434 1595 573 1631 levatis
620 1599 728 1631 metu
770 1608 882 1631 suum
931 1595 1047 1631 rediit
1093 1594 1304 1643 ingenium.

122 1659 274 1695 Rursus
299 1658 493 1694 occultum
525 1662 666 1707 parant
690 1658 848 1705 bellum,
877 1658 1061 1694 Hernicis
1087 1659 1128 1694 in
1151 1658 1308 1694 societa—

88 1745 101 1766 4
122 1729 198 1760 tem
218 1736 412 1760 armorum
439 1725 659 1772 assumptis.
718 1724 884 1773 Legatos
913 1738 1064 1774 quoque
1093 1725 1142 1761 ad
1171 1725 1307 1761 sollici-

121 1791 284 1827 tandum
322 1789 480 1826 Latium
520 1790 662 1838 passim
701 1790 935 1836 dimittunt;
982 1791 1047 1827 31-11
1086 1804 1218 1827 recens
1260 1791 1308 1827 ad

123 1856 319 1905 Regillum
349 1855 475 1891 lacum
504 1860 663 1904 accepta.
691 1855 818 1892 clades
850 1856 1011 1892 Latinos
1050 1856 1107 1892 ira
1144 1855 1309 1904 odioque

121 1920 214 1965 eius,
236 1919 455 1968 quicunque
484 1932 592 1955 arma
621 1919 814 1965 suaderet,
836 1932 884 1956 ne
912 1919 961 1955 ab
990 1919 1127 1968 legatis
1153 1919 1308 1968 quidem

124 1984 313 2020 violandis
350 1983 566 2028 abstinuit;
613 1983 906 2031 comprehensos
944 1983 1104 2020 Volscos
1146 1983 1308 2019 Romam

123 2048 278 2085 (luxere.
355 2048 418 2083 Ibi
466 2047 602 2084 traditi
647 2048 870 2084 consulibus
908 2047 1201 2096 indicatumque
1238 2054 1308 2090 est.

93 2111 285 2151 5Volscos
316 2111 586 2159 Hernicosque
617 2124 751 2159 parare
789 2111 932 2147 bellum
973 2111 1169 2149 Romanis.
1239 2111 1312 2147 Ro-

125 2175 204 2210 lntu
232 2187 271 2209 rc
300 2174 348 2210 {ul
377 2179 568 2219 sonatum,
589 2174 684 2210 advo
714 2174 790 2210 fuit
815 2179 969 2222 gratum
997 2175 1184 2223 patribus,
1208 2180 1252 2210 ut
1274 2180 1313 2210 vt

124 2238 366 2288 ‹inlustrat-um
388 2252 453 2274 sex
476 2239 598 2274 millia
619 2239 767 2275 Latinis
785 2239 1027 2275 rvunittvront
1043 2244 1082 2274 1-1.
1097 2239 1144 2274 do
1159 2238 1310 2277 fuulvro.
