<?xml version="1.0" encoding="UTF-8"?>
<!DOCTYPE html PUBLIC "-//W3C//DTD XHTML 1.0 Transitional//EN"
    "http://www.w3.org/TR/xhtml1/DTD/xhtml1-transitional.dtd">
<html xmlns="http://www.w3.org/1999/xhtml" xml:lang="en" lang="en">
 <head>
  <title>
</title>
<meta http-equiv="Content-Type" content="text/html;charset=utf-8" />
  <meta name='ocr-system' content='tesseract 3.04.00' />
  <meta name='ocr-capabilities' content='ocr_page ocr_carea ocr_par ocr_line ocrx_word'/>
</head>
<body>
  <div class='ocr_page' id='page_1' title='image "./booksiiiii00livyuoft_0168.png"; bbox 0 0 1438 2466; ppageno 0'>
   <div class='ocr_carea' id='block_1_1' title="bbox 171 93 1344 145">
    <p class='ocr_par' dir='ltr' id='par_1_1' title="bbox 171 93 1344 145">
     <span class='ocr_line' id='line_1_1' title="bbox 171 93 1344 145; baseline 0.002 -16"><span class='ocrx_word' id='word_1_1' title='bbox 171 93 242 129; x_wconf 79' lang='lat'><strong>136</strong></span> <span class='ocrx_word' id='word_1_2' title='bbox 687 94 838 130; x_wconf 80' lang='lat' dir='ltr'><em>LIVII</em></span> <span class='ocrx_word' id='word_1_3' title='bbox 1117 93 1247 145; x_wconf 85' lang='lat' dir='ltr'><strong>[A.U.C.</strong></span> <span class='ocrx_word' id='word_1_4' title='bbox 1271 107 1344 144; x_wconf 84' lang='lat'><strong>305</strong></span> 
     </span>
    </p>
   </div>
   <div class='ocr_carea' id='block_1_2' title="bbox 98 189 1352 2241">
    <p class='ocr_par' dir='ltr' id='par_1_2' title="bbox 164 189 1347 302">
     <span class='ocr_line' id='line_1_2' title="bbox 165 189 1347 238; baseline 0.002 -13"><span class='ocrx_word' id='word_1_5' title='bbox 165 190 264 226; x_wconf 82' lang='lat' dir='ltr'>nihil</span> <span class='ocrx_word' id='word_1_6' title='bbox 300 204 397 238; x_wconf 83' lang='lat' dir='ltr'><strong>opus</strong></span> <span class='ocrx_word' id='word_1_7' title='bbox 434 203 515 226; x_wconf 79' lang='lat' dir='ltr'><strong>esse</strong></span> <span class='ocrx_word' id='word_1_8' title='bbox 553 189 806 225; x_wconf 83' lang='lat' dir='ltr'><strong>multitudine</strong></span> <span class='ocrx_word' id='word_1_9' title='bbox 843 189 1035 226; x_wconf 84' lang='lat' dir='ltr'><strong>concitata</strong></span> <span class='ocrx_word' id='word_1_10' title='bbox 1072 190 1150 236; x_wconf 73' lang='lat' dir='ltr'><strong>ait,</strong></span> <span class='ocrx_word' id='word_1_11' title='bbox 1188 203 1228 227; x_wconf 84' lang='lat' dir='ltr'><strong>se</strong></span> <span class='ocrx_word' id='word_1_12' title='bbox 1263 191 1347 228; x_wconf 90' lang='lat' dir='ltr'><strong>iure</strong></span> 
     </span>
     <span class='ocr_line' id='line_1_3' title="bbox 164 254 1345 302; baseline 0.001 -12"><span class='ocrx_word' id='word_1_13' title='bbox 164 254 341 302; x_wconf 81' lang='lat' dir='ltr'><strong>grassari,</strong></span> <span class='ocrx_word' id='word_1_14' title='bbox 363 267 440 290; x_wconf 90' lang='grc'>11011</span> <span class='ocrx_word' id='word_1_15' title='bbox 462 255 511 291; x_wconf 90' lang='lat' dir='ltr'><strong>vi.</strong></span> <span class='ocrx_word' id='word_1_16' title='bbox 571 254 699 290; x_wconf 85' lang='lat' dir='ltr'><strong>Vocat</strong></span> <span class='ocrx_word' id='word_1_17' title='bbox 719 254 885 302; x_wconf 80' lang='lat' dir='ltr'>puellam</span> <span class='ocrx_word' id='word_1_18' title='bbox 906 254 946 290; x_wconf 90' lang='lat' dir='ltr'><strong>in</strong></span> <span class='ocrx_word' id='word_1_19' title='bbox 966 254 1037 290; x_wconf 87' lang='lat' dir='ltr'><strong>ius.</strong></span> <span class='ocrx_word' id='word_1_20' title='bbox 1095 255 1345 302; x_wconf 76' lang='lat' dir='ltr'><strong>Auctoribus,</strong></span> 
     </span>
    </p>

    <p class='ocr_par' dir='ltr' id='par_1_3' title="bbox 98 319 1350 1339">
     <span class='ocr_line' id='line_1_4' title="bbox 132 319 1347 369; baseline -0.001 -12"><span class='ocrx_word' id='word_1_21' title='bbox 132 336 147 357; x_wconf 68' lang='grc' dir='ltr'><strong>υ</strong></span> <span class='ocrx_word' id='word_1_22' title='bbox 168 320 234 367; x_wconf 83' lang='grc'>(1111</span> <span class='ocrx_word' id='word_1_23' title='bbox 264 319 437 365; x_wconf 85' lang='lat' dir='ltr'><strong>aderant,</strong></span> <span class='ocrx_word' id='word_1_24' title='bbox 460 323 505 354; x_wconf 92' lang='lat' dir='ltr'><strong>ut</strong></span> <span class='ocrx_word' id='word_1_25' title='bbox 533 322 769 367; x_wconf 73' lang='lat' dir='ltr'><strong>sequeretur,</strong></span> <span class='ocrx_word' id='word_1_26' title='bbox 791 319 840 355; x_wconf 84' lang='lat' dir='ltr'><strong>ad</strong></span> <span class='ocrx_word' id='word_1_27' title='bbox 859 319 1031 356; x_wconf 85' lang='lat' dir='ltr'><strong>tribunal</strong></span> <span class='ocrx_word' id='word_1_28' title='bbox 1051 319 1173 368; x_wconf 85' lang='lat' dir='ltr'>Appii</span> <span class='ocrx_word' id='word_1_29' title='bbox 1193 333 1347 369; x_wconf 88' lang='lat' dir='ltr'><strong>perven-</strong></span> 
     </span>
     <span class='ocr_line' id='line_1_5' title="bbox 165 383 1348 434; baseline 0.002 -15"><span class='ocrx_word' id='word_1_30' title='bbox 165 387 251 420; x_wconf 89' lang='lat' dir='ltr'><strong>tum</strong></span> <span class='ocrx_word' id='word_1_31' title='bbox 270 388 338 421; x_wconf 87' lang='lat' dir='ltr'><strong>est.</strong></span> <span class='ocrx_word' id='word_1_32' title='bbox 397 384 544 420; x_wconf 84' lang='lat' dir='ltr'><strong>Notam</strong></span> <span class='ocrx_word' id='word_1_33' title='bbox 570 383 691 420; x_wconf 88' lang='lat' dir='ltr'><strong>iudici</strong></span> <span class='ocrx_word' id='word_1_34' title='bbox 716 384 887 420; x_wconf 82' lang='lat' dir='ltr'><strong>fabulam</strong></span> <span class='ocrx_word' id='word_1_35' title='bbox 906 384 1061 433; x_wconf 85' lang='lat' dir='ltr'><strong>petitor,</strong></span> <span class='ocrx_word' id='word_1_36' title='bbox 1083 384 1226 433; x_wconf 77' lang='lat' dir='ltr'><strong>quippe</strong></span> <span class='ocrx_word' id='word_1_37' title='bbox 1244 385 1348 434; x_wconf 81' lang='lat' dir='ltr'><strong>apud</strong></span> 
     </span>
     <span class='ocr_line' id='line_1_6' title="bbox 166 448 1348 498; baseline 0.001 -13"><span class='ocrx_word' id='word_1_38' title='bbox 166 448 291 498; x_wconf 88' lang='lat' dir='ltr'><strong>ipsum</strong></span> <span class='ocrx_word' id='word_1_39' title='bbox 329 453 526 485; x_wconf 86' lang='lat' dir='ltr'><strong>auctorem</strong></span> <span class='ocrx_word' id='word_1_40' title='bbox 558 449 789 498; x_wconf 84' lang='lat' dir='ltr'><strong>argumenti,</strong></span> <span class='ocrx_word' id='word_1_41' title='bbox 823 449 998 498; x_wconf 83' lang='lat' dir='ltr'><strong>peragit:</strong></span> <span class='ocrx_word' id='word_1_42' title='bbox 1042 449 1210 498; x_wconf 83' lang='lat' dir='ltr'><strong>puellam</strong></span> <span class='ocrx_word' id='word_1_43' title='bbox 1243 450 1348 487; x_wconf 87' lang='lat' dir='ltr'><strong>domi</strong></span> 
     </span>
     <span class='ocr_line' id='line_1_7' title="bbox 166 512 1348 563; baseline 0.001 -13"><span class='ocrx_word' id='word_1_44' title='bbox 166 527 243 550; x_wconf 86' lang='lat' dir='ltr'><strong>suae</strong></span> <span class='ocrx_word' id='word_1_45' title='bbox 269 517 401 549; x_wconf 87' lang='lat' dir='ltr'><strong>natam</strong></span> <span class='ocrx_word' id='word_1_46' title='bbox 429 512 611 562; x_wconf 84' lang='lat' dir='ltr'><strong>furtoque</strong></span> <span class='ocrx_word' id='word_1_47' title='bbox 637 513 727 549; x_wconf 88' lang='lat' dir='ltr'><strong>inde</strong></span> <span class='ocrx_word' id='word_1_48' title='bbox 753 514 795 549; x_wconf 89' lang='lat' dir='ltr'><strong>in</strong></span> <span class='ocrx_word' id='word_1_49' title='bbox 814 514 969 550; x_wconf 88' lang='lat' dir='ltr'><strong>domum</strong></span> <span class='ocrx_word' id='word_1_50' title='bbox 991 514 1170 563; x_wconf 81' lang='lat' dir='ltr'>Verginii</span> <span class='ocrx_word' id='word_1_51' title='bbox 1188 515 1348 551; x_wconf 81' lang='lat' dir='ltr'><strong>transla-</strong></span> 
     </span>
     <span class='ocr_line' id='line_1_8' title="bbox 119 577 1348 627; baseline 0.002 -15"><span class='ocrx_word' id='word_1_52' title='bbox 119 594 149 610; x_wconf 81' lang='lat'><strong>10</strong></span> <span class='ocrx_word' id='word_1_53' title='bbox 168 580 246 613; x_wconf 88' lang='lat' dir='ltr'><strong>tam</strong></span> <span class='ocrx_word' id='word_1_54' title='bbox 266 577 505 626; x_wconf 73' lang='lat' dir='ltr'><strong>suppositam</strong></span> <span class='ocrx_word' id='word_1_55' title='bbox 524 577 559 613; x_wconf 90' lang='lat' dir='ltr'><strong>ei</strong></span> <span class='ocrx_word' id='word_1_56' title='bbox 579 590 678 625; x_wconf 73' lang='lat' dir='ltr'><strong>esse,</strong></span> <span class='ocrx_word' id='word_1_57' title='bbox 698 578 736 613; x_wconf 88' lang='lat' dir='ltr'><strong>id</strong></span> <span class='ocrx_word' id='word_1_58' title='bbox 760 591 799 614; x_wconf 89' lang='lat' dir='ltr'><strong>se</strong></span> <span class='ocrx_word' id='word_1_59' title='bbox 818 578 961 614; x_wconf 88' lang='lat' dir='ltr'><strong>indicio</strong></span> <span class='ocrx_word' id='word_1_60' title='bbox 981 583 1221 627; x_wconf 84' lang='lat' dir='ltr'><strong>compertum</strong></span> <span class='ocrx_word' id='word_1_61' title='bbox 1240 579 1348 615; x_wconf 88' lang='lat' dir='ltr'><strong>affer-</strong></span> 
     </span>
     <span class='ocr_line' id='line_1_9' title="bbox 167 642 1346 693; baseline 0.003 -16"><span class='ocrx_word' id='word_1_62' title='bbox 167 655 207 678; x_wconf 89' lang='lat' dir='ltr'><strong>re</strong></span> <span class='ocrx_word' id='word_1_63' title='bbox 233 643 564 691; x_wconf 81' lang='lat' dir='ltr'><strong>probaturumque</strong></span> <span class='ocrx_word' id='word_1_64' title='bbox 594 642 655 679; x_wconf 89' lang='lat' dir='ltr'><strong>vel</strong></span> <span class='ocrx_word' id='word_1_65' title='bbox 683 643 767 692; x_wconf 90' lang='lat' dir='ltr'><strong>ipso</strong></span> <span class='ocrx_word' id='word_1_66' title='bbox 796 643 986 692; x_wconf 83' lang='lat' dir='ltr'><strong>Verginio</strong></span> <span class='ocrx_word' id='word_1_67' title='bbox 1009 643 1144 690; x_wconf 86' lang='lat' dir='ltr'><strong>iudice,</strong></span> <span class='ocrx_word' id='word_1_68' title='bbox 1165 644 1214 680; x_wconf 88' lang='lat' dir='ltr'><strong>ad</strong></span> <span class='ocrx_word' id='word_1_69' title='bbox 1233 657 1346 693; x_wconf 88' lang='lat' dir='ltr'><strong>quem</strong></span> 
     </span>
     <span class='ocr_line' id='line_1_10' title="bbox 168 707 1346 756; baseline 0.002 -13"><span class='ocrx_word' id='word_1_70' title='bbox 168 707 288 744; x_wconf 89' lang='lat' dir='ltr'><strong>maior</strong></span> <span class='ocrx_word' id='word_1_71' title='bbox 308 720 396 756; x_wconf 86' lang='lat' dir='ltr'><strong>pars</strong></span> <span class='ocrx_word' id='word_1_72' title='bbox 421 707 573 744; x_wconf 79' lang='lat' dir='ltr'><strong>iniuriae</strong></span> <span class='ocrx_word' id='word_1_73' title='bbox 605 708 687 744; x_wconf 86' lang='lat' dir='ltr'><strong>eius</strong></span> <span class='ocrx_word' id='word_1_74' title='bbox 717 708 928 756; x_wconf 73' lang='lat' dir='ltr'><strong>pertineat,</strong></span> <span class='ocrx_word' id='word_1_75' title='bbox 960 708 1117 744; x_wconf 83' lang='lat' dir='ltr'><strong>interim</strong></span> <span class='ocrx_word' id='word_1_76' title='bbox 1148 709 1346 745; x_wconf 88' lang='lat' dir='ltr'><strong>dominum</strong></span> 
     </span>
     <span class='ocr_line' id='line_1_11' title="bbox 118 773 1347 822; baseline 0.001 -14"><span class='ocrx_word' id='word_1_77' title='bbox 118 790 145 806; x_wconf 85' lang='lat'><strong>11</strong></span> <span class='ocrx_word' id='word_1_78' title='bbox 167 773 275 822; x_wconf 89' lang='lat' dir='ltr'><strong>sequi</strong></span> <span class='ocrx_word' id='word_1_79' title='bbox 303 773 483 809; x_wconf 81' lang='lat' dir='ltr'><strong>ancillam</strong></span> <span class='ocrx_word' id='word_1_80' title='bbox 512 786 665 821; x_wconf 84' lang='lat' dir='ltr'><strong>aequum</strong></span> <span class='ocrx_word' id='word_1_81' title='bbox 694 786 782 811; x_wconf 88' lang='lat' dir='ltr'><strong>esse.</strong></span> <span class='ocrx_word' id='word_1_82' title='bbox 844 773 1039 809; x_wconf 81' lang='lat' dir='ltr'><strong>Advocati</strong></span> <span class='ocrx_word' id='word_1_83' title='bbox 1059 773 1206 822; x_wconf 81' lang='lat' dir='ltr'><strong>puellae,</strong></span> <span class='ocrx_word' id='word_1_84' title='bbox 1229 786 1347 822; x_wconf 88' lang='lat' dir='ltr'><strong>quum</strong></span> 
     </span>
     <span class='ocr_line' id='line_1_12' title="bbox 170 837 1348 887; baseline 0.002 -14"><span class='ocrx_word' id='word_1_85' title='bbox 170 837 401 887; x_wconf 86' lang='lat' dir='ltr'><strong>Verginium</strong></span> <span class='ocrx_word' id='word_1_86' title='bbox 432 838 487 874; x_wconf 88' lang='lat' dir='ltr'><strong>rei</strong></span> <span class='ocrx_word' id='word_1_87' title='bbox 517 837 680 886; x_wconf 84' lang='lat' dir='ltr'><strong>publicae</strong></span> <span class='ocrx_word' id='word_1_88' title='bbox 711 851 825 874; x_wconf 84' lang='lat' dir='ltr'><strong>causa</strong></span> <span class='ocrx_word' id='word_1_89' title='bbox 855 838 1046 874; x_wconf 76' lang='lat' dir='ltr'><strong>dixissent</strong></span> <span class='ocrx_word' id='word_1_90' title='bbox 1065 839 1208 884; x_wconf 89' lang='lat' dir='ltr'><strong>abesse,</strong></span> <span class='ocrx_word' id='word_1_91' title='bbox 1231 839 1348 875; x_wconf 88' lang='lat' dir='ltr'><strong>biduo</strong></span> 
     </span>
     <span class='ocr_line' id='line_1_13' title="bbox 167 900 1349 949; baseline 0.002 -12"><span class='ocrx_word' id='word_1_92' title='bbox 167 901 393 948; x_wconf 86' lang='lat' dir='ltr'><strong>affuturum,</strong></span> <span class='ocrx_word' id='word_1_93' title='bbox 416 900 449 937; x_wconf 83' lang='lat' dir='ltr'><strong>si</strong></span> <span class='ocrx_word' id='word_1_94' title='bbox 467 900 693 936; x_wconf 84' lang='lat' dir='ltr'><strong>nuntiatum</strong></span> <span class='ocrx_word' id='word_1_95' title='bbox 710 901 745 936; x_wconf 91' lang='lat' dir='ltr'><strong>ei</strong></span> <span class='ocrx_word' id='word_1_96' title='bbox 764 901 815 937; x_wconf 90' lang='lat' dir='ltr'><strong>sit</strong></span> <span class='ocrx_word' id='word_1_97' title='bbox 824 914 834 947; x_wconf 79' lang='lat'><em>3</em></span> <span class='ocrx_word' id='word_1_98' title='bbox 852 900 1029 949; x_wconf 89' lang='lat' dir='ltr'><strong>iniquum</strong></span> <span class='ocrx_word' id='word_1_99' title='bbox 1051 915 1131 938; x_wconf 83' lang='lat' dir='ltr'><strong>esse</strong></span> <span class='ocrx_word' id='word_1_100' title='bbox 1150 903 1349 939; x_wconf 87' lang='lat' dir='ltr'><strong>absentem</strong></span> 
     </span>
     <span class='ocr_line' id='line_1_14' title="bbox 120 964 1349 1014; baseline 0.003 -16"><span class='ocrx_word' id='word_1_101' title='bbox 120 982 148 999; x_wconf 74' lang='grc' dir='ltr'><em>η</em></span> <span class='ocrx_word' id='word_1_102' title='bbox 167 965 214 1001; x_wconf 85' lang='lat' dir='ltr'><strong>de</strong></span> <span class='ocrx_word' id='word_1_103' title='bbox 246 964 380 1002; x_wconf 88' lang='lat' dir='ltr'><strong>liberis</strong></span> <span class='ocrx_word' id='word_1_104' title='bbox 414 964 609 1009; x_wconf 85' lang='lat' dir='ltr'><strong>dimicare,</strong></span> <span class='ocrx_word' id='word_1_105' title='bbox 643 965 856 1013; x_wconf 87' lang='lat' dir='ltr'><strong>postulant,</strong></span> <span class='ocrx_word' id='word_1_106' title='bbox 891 969 936 1001; x_wconf 89' lang='lat' dir='ltr'><strong>ut</strong></span> <span class='ocrx_word' id='word_1_107' title='bbox 968 978 1048 1001; x_wconf 87' lang='lat' dir='ltr'><strong>rem</strong></span> <span class='ocrx_word' id='word_1_108' title='bbox 1083 966 1273 1014; x_wconf 83' lang='lat' dir='ltr'><strong>integram</strong></span> <span class='ocrx_word' id='word_1_109' title='bbox 1307 966 1349 1002; x_wconf 92' lang='lat' dir='ltr'><strong>in</strong></span> 
     </span>
     <span class='ocr_line' id='line_1_15' title="bbox 167 1030 1350 1079; baseline 0.001 -13"><span class='ocrx_word' id='word_1_110' title='bbox 167 1030 289 1078; x_wconf 87' lang='lat' dir='ltr'><strong>patris</strong></span> <span class='ocrx_word' id='word_1_111' title='bbox 319 1030 531 1066; x_wconf 88' lang='lat' dir='ltr'><strong>adventum</strong></span> <span class='ocrx_word' id='word_1_112' title='bbox 563 1030 725 1075; x_wconf 85' lang='lat' dir='ltr'><strong>differat,</strong></span> <span class='ocrx_word' id='word_1_113' title='bbox 747 1030 830 1078; x_wconf 86' lang='lat' dir='ltr'><strong>lege</strong></span> <span class='ocrx_word' id='word_1_114' title='bbox 859 1031 908 1066; x_wconf 86' lang='lat' dir='ltr'><strong>ab</strong></span> <span class='ocrx_word' id='word_1_115' title='bbox 938 1030 1020 1079; x_wconf 90' lang='lat' dir='ltr'><strong>ipso</strong></span> <span class='ocrx_word' id='word_1_116' title='bbox 1051 1031 1131 1067; x_wconf 84' lang='lat' dir='ltr'><strong>lata</strong></span> <span class='ocrx_word' id='word_1_117' title='bbox 1162 1031 1350 1067; x_wconf 79' lang='lat' dir='ltr'><strong>vindicias</strong></span> 
     </span>
     <span class='ocr_line' id='line_1_16' title="bbox 167 1094 1349 1144; baseline 0 -13"><span class='ocrx_word' id='word_1_118' title='bbox 167 1095 232 1131; x_wconf 88' lang='lat' dir='ltr'><strong>det</strong></span> <span class='ocrx_word' id='word_1_119' title='bbox 252 1094 461 1131; x_wconf 86' lang='lat' dir='ltr'><strong>secundum</strong></span> <span class='ocrx_word' id='word_1_120' title='bbox 482 1094 704 1131; x_wconf 88' lang='lat' dir='ltr'><strong>libertatem</strong></span> <span class='ocrx_word' id='word_1_121' title='bbox 728 1107 804 1130; x_wconf 89' lang='lat' dir='ltr'><strong>neu</strong></span> <span class='ocrx_word' id='word_1_122' title='bbox 830 1094 1013 1143; x_wconf 89' lang='lat' dir='ltr'><strong>patiatur,</strong></span> <span class='ocrx_word' id='word_1_123' title='bbox 1036 1095 1223 1144; x_wconf 84' lang='lat' dir='ltr'><strong>virginem</strong></span> <span class='ocrx_word' id='word_1_124' title='bbox 1244 1095 1349 1132; x_wconf 85' lang='lat' dir='ltr'><strong>adul-</strong></span> 
     </span>
     <span class='ocr_line' id='line_1_17' title="bbox 98 1156 1350 1209; baseline 0.001 -15"><span class='ocrx_word' id='word_1_125' title='bbox 98 1156 146 1194; x_wconf 86' lang='lat'><strong>45</strong></span> <span class='ocrx_word' id='word_1_126' title='bbox 168 1164 248 1195; x_wconf 90' lang='lat' dir='ltr'><strong>tam</strong></span> <span class='ocrx_word' id='word_1_127' title='bbox 267 1160 377 1196; x_wconf 84' lang='lat' dir='ltr'><strong>famae</strong></span> <span class='ocrx_word' id='word_1_128' title='bbox 398 1160 506 1209; x_wconf 90' lang='lat' dir='ltr'><strong>prius</strong></span> <span class='ocrx_word' id='word_1_129' title='bbox 526 1172 642 1208; x_wconf 88' lang='lat' dir='ltr'><strong>quam</strong></span> <span class='ocrx_word' id='word_1_130' title='bbox 662 1159 854 1195; x_wconf 80' lang='lat' dir='ltr'><strong>libertatis</strong></span> <span class='ocrx_word' id='word_1_131' title='bbox 873 1159 1088 1208; x_wconf 88' lang='lat' dir='ltr'><strong>periculum</strong></span> <span class='ocrx_word' id='word_1_132' title='bbox 1107 1160 1224 1197; x_wconf 88' lang='lat' dir='ltr'><strong>adire.</strong></span> <span class='ocrx_word' id='word_1_133' title='bbox 1270 1161 1350 1209; x_wconf 79' lang='lat' dir='ltr'><strong>Ap-</strong></span> 
     </span>
     <span class='ocr_line' id='line_1_18' title="bbox 167 1224 1348 1275; baseline -0.001 -13"><span class='ocrx_word' id='word_1_134' title='bbox 167 1226 254 1275; x_wconf 88' lang='lat' dir='ltr'><strong>pius</strong></span> <span class='ocrx_word' id='word_1_135' title='bbox 291 1225 444 1262; x_wconf 88' lang='lat' dir='ltr'><strong>decreto</strong></span> <span class='ocrx_word' id='word_1_136' title='bbox 481 1225 676 1274; x_wconf 84' lang='lat' dir='ltr'><strong>praefatus,</strong></span> <span class='ocrx_word' id='word_1_137' title='bbox 712 1237 828 1273; x_wconf 87' lang='lat' dir='ltr'><strong>quam</strong></span> <span class='ocrx_word' id='word_1_138' title='bbox 861 1224 1035 1261; x_wconf 83' lang='lat' dir='ltr'><strong>libertati</strong></span> <span class='ocrx_word' id='word_1_139' title='bbox 1073 1224 1226 1270; x_wconf 81' lang='lat' dir='ltr'><strong>faverit,</strong></span> <span class='ocrx_word' id='word_1_140' title='bbox 1266 1238 1348 1261; x_wconf 87' lang='lat' dir='ltr'><strong>eam</strong></span> 
     </span>
     <span class='ocr_line' id='line_1_19' title="bbox 168 1289 1349 1339; baseline -0.001 -12"><span class='ocrx_word' id='word_1_141' title='bbox 168 1291 291 1339; x_wconf 84' lang='lat' dir='ltr'><strong>ipsam</strong></span> <span class='ocrx_word' id='word_1_142' title='bbox 320 1290 442 1339; x_wconf 88' lang='lat' dir='ltr'><strong>legem</strong></span> <span class='ocrx_word' id='word_1_143' title='bbox 471 1290 674 1336; x_wconf 85' lang='lat' dir='ltr'><strong>declarare,</strong></span> <span class='ocrx_word' id='word_1_144' title='bbox 696 1302 812 1338; x_wconf 88' lang='lat' dir='ltr'><strong>quam</strong></span> <span class='ocrx_word' id='word_1_145' title='bbox 841 1289 1023 1339; x_wconf 85' lang='lat' dir='ltr'><strong>Verginii</strong></span> <span class='ocrx_word' id='word_1_146' title='bbox 1051 1290 1164 1327; x_wconf 89' lang='lat' dir='ltr'><strong>amici</strong></span> <span class='ocrx_word' id='word_1_147' title='bbox 1183 1289 1349 1339; x_wconf 89' lang='lat' dir='ltr'><strong>postula-</strong></span> 
     </span>
    </p>

    <p class='ocr_par' dir='ltr' id='par_1_4' title="bbox 135 1354 1351 1659">
     <span class='ocr_line' id='line_1_20' title="bbox 135 1354 1349 1404; baseline 0 -14"><span class='ocrx_word' id='word_1_148' title='bbox 135 1373 149 1390; x_wconf 82' lang='lat'><em>2</em></span> <span class='ocrx_word' id='word_1_149' title='bbox 168 1356 266 1393; x_wconf 91' lang='lat' dir='ltr'><strong>tioni</strong></span> <span class='ocrx_word' id='word_1_150' title='bbox 286 1369 363 1392; x_wconf 88' lang='lat' dir='ltr'><strong>suae</strong></span> <span class='ocrx_word' id='word_1_151' title='bbox 383 1355 625 1404; x_wconf 84' lang='lat' dir='ltr'><strong>praetendant</strong></span> <span class='ocrx_word' id='word_1_152' title='bbox 634 1367 644 1401; x_wconf 78' lang='lat'><em>3</em></span> <span class='ocrx_word' id='word_1_153' title='bbox 670 1358 840 1391; x_wconf 84' lang='lat' dir='ltr'><strong>ceterum</strong></span> <span class='ocrx_word' id='word_1_154' title='bbox 866 1354 923 1390; x_wconf 89' lang='lat' dir='ltr'><strong>ita</strong></span> <span class='ocrx_word' id='word_1_155' title='bbox 940 1354 983 1390; x_wconf 91' lang='lat' dir='ltr'><strong>in</strong></span> <span class='ocrx_word' id='word_1_156' title='bbox 1002 1367 1046 1391; x_wconf 87' lang='lat' dir='ltr'><strong>ea</strong></span> <span class='ocrx_word' id='word_1_157' title='bbox 1066 1355 1221 1391; x_wconf 89' lang='lat' dir='ltr'><strong>firmum</strong></span> <span class='ocrx_word' id='word_1_158' title='bbox 1239 1355 1349 1391; x_wconf 90' lang='lat' dir='ltr'><strong>liber-</strong></span> 
     </span>
     <span class='ocr_line' id='line_1_21' title="bbox 168 1418 1347 1469; baseline -0.002 -11"><span class='ocrx_word' id='word_1_159' title='bbox 168 1420 243 1458; x_wconf 84' lang='lat' dir='ltr'><strong>tati</strong></span> <span class='ocrx_word' id='word_1_160' title='bbox 261 1421 343 1457; x_wconf 80' lang='lat' dir='ltr'><strong>fore</strong></span> <span class='ocrx_word' id='word_1_161' title='bbox 362 1419 594 1469; x_wconf 72' lang='lat' dir='ltr'><strong>praesidium,</strong></span> <span class='ocrx_word' id='word_1_162' title='bbox 616 1418 649 1456; x_wconf 91' lang='lat' dir='ltr'><strong>si</strong></span> <span class='ocrx_word' id='word_1_163' title='bbox 668 1432 739 1456; x_wconf 91' lang='lat' dir='ltr'><strong>nec</strong></span> <span class='ocrx_word' id='word_1_164' title='bbox 764 1419 887 1456; x_wconf 88' lang='lat' dir='ltr'><strong>causis</strong></span> <span class='ocrx_word' id='word_1_165' title='bbox 915 1432 985 1456; x_wconf 87' lang='lat' dir='ltr'><strong>nec</strong></span> <span class='ocrx_word' id='word_1_166' title='bbox 1014 1420 1186 1469; x_wconf 86' lang='lat' dir='ltr'><strong>personis</strong></span> <span class='ocrx_word' id='word_1_167' title='bbox 1215 1419 1347 1456; x_wconf 69' lang='lat' dir='ltr'><strong>variet.</strong></span> 
     </span>
     <span class='ocr_line' id='line_1_22' title="bbox 170 1480 1351 1530; baseline -0.003 -11"><span class='ocrx_word' id='word_1_168' title='bbox 170 1483 219 1519; x_wconf 91' lang='lat' dir='ltr'><strong>In</strong></span> <span class='ocrx_word' id='word_1_169' title='bbox 238 1482 288 1519; x_wconf 90' lang='lat' dir='ltr'><strong>iis</strong></span> <span class='ocrx_word' id='word_1_170' title='bbox 309 1482 424 1527; x_wconf 88' lang='lat' dir='ltr'><strong>enim,</strong></span> <span class='ocrx_word' id='word_1_171' title='bbox 446 1481 512 1530; x_wconf 85' lang='lat' dir='ltr'><strong>qui</strong></span> <span class='ocrx_word' id='word_1_172' title='bbox 538 1485 759 1518; x_wconf 84' lang='lat' dir='ltr'><strong>asserantur</strong></span> <span class='ocrx_word' id='word_1_173' title='bbox 784 1482 826 1517; x_wconf 92' lang='lat' dir='ltr'><strong>in</strong></span> <span class='ocrx_word' id='word_1_174' title='bbox 852 1481 1083 1528; x_wconf 86' lang='lat' dir='ltr'><strong>libertatem,</strong></span> <span class='ocrx_word' id='word_1_175' title='bbox 1106 1481 1197 1530; x_wconf 89' lang='lat' dir='ltr'><strong>quia</strong></span> <span class='ocrx_word' id='word_1_176' title='bbox 1222 1480 1351 1530; x_wconf 84' lang='lat' dir='ltr'><strong>quivis</strong></span> 
     </span>
     <span class='ocr_line' id='line_1_23' title="bbox 168 1545 1351 1597; baseline 0 -14"><span class='ocrx_word' id='word_1_177' title='bbox 168 1547 251 1597; x_wconf 88' lang='lat' dir='ltr'><strong>lege</strong></span> <span class='ocrx_word' id='word_1_178' title='bbox 274 1559 386 1596; x_wconf 84' lang='lat' dir='ltr'><strong>agere</strong></span> <span class='ocrx_word' id='word_1_179' title='bbox 415 1546 546 1596; x_wconf 88' lang='lat' dir='ltr'><strong>possit,</strong></span> <span class='ocrx_word' id='word_1_180' title='bbox 567 1545 609 1583; x_wconf 91' lang='lat' dir='ltr'><strong>id</strong></span> <span class='ocrx_word' id='word_1_181' title='bbox 638 1546 735 1583; x_wconf 90' lang='lat' dir='ltr'><strong>iuris</strong></span> <span class='ocrx_word' id='word_1_182' title='bbox 764 1559 845 1583; x_wconf 91' lang='lat' dir='ltr'><strong>esse</strong></span> <span class='ocrx_word' id='word_1_183' title='bbox 854 1559 865 1593; x_wconf 80' lang='lat'>3</span> <span class='ocrx_word' id='word_1_184' title='bbox 895 1546 937 1582; x_wconf 91' lang='lat' dir='ltr'><strong>in</strong></span> <span class='ocrx_word' id='word_1_185' title='bbox 968 1559 1022 1592; x_wconf 86' lang='lat' dir='ltr'><strong>ca,</strong></span> <span class='ocrx_word' id='word_1_186' title='bbox 1045 1559 1129 1595; x_wconf 86' lang='lat' dir='ltr'><strong>quae</strong></span> <span class='ocrx_word' id='word_1_187' title='bbox 1158 1546 1199 1582; x_wconf 92' lang='lat' dir='ltr'><strong>in</strong></span> <span class='ocrx_word' id='word_1_188' title='bbox 1229 1546 1351 1595; x_wconf 89' lang='lat' dir='ltr'><strong>patris</strong></span> 
     </span>
     <span class='ocr_line' id='line_1_24' title="bbox 170 1610 1351 1659; baseline 0 -12"><span class='ocrx_word' id='word_1_189' title='bbox 170 1625 287 1648; x_wconf 87' lang='lat' dir='ltr'><strong>manu</strong></span> <span class='ocrx_word' id='word_1_190' title='bbox 317 1611 380 1658; x_wconf 92' lang='lat' dir='ltr'><strong>sit,</strong></span> <span class='ocrx_word' id='word_1_191' title='bbox 411 1611 604 1647; x_wconf 86' lang='lat' dir='ltr'><strong>neminem</strong></span> <span class='ocrx_word' id='word_1_192' title='bbox 636 1624 716 1648; x_wconf 87' lang='lat' dir='ltr'><strong>esse</strong></span> <span class='ocrx_word' id='word_1_193' title='bbox 746 1611 876 1657; x_wconf 84' lang='lat' dir='ltr'><strong>alium,</strong></span> <span class='ocrx_word' id='word_1_194' title='bbox 910 1611 972 1647; x_wconf 90' lang='lat' dir='ltr'><strong>cui</strong></span> <span class='ocrx_word' id='word_1_195' title='bbox 1002 1610 1181 1647; x_wconf 87' lang='lat' dir='ltr'><strong>dominus</strong></span> <span class='ocrx_word' id='word_1_196' title='bbox 1212 1623 1351 1659; x_wconf 85' lang='lat' dir='ltr'><strong>posses-</strong></span> 
     </span>
    </p>

    <p class='ocr_par' dir='ltr' id='par_1_5' title="bbox 137 1675 1352 2049">
     <span class='ocr_line' id='line_1_25' title="bbox 137 1675 1352 1725; baseline -0.001 -12"><span class='ocrx_word' id='word_1_197' title='bbox 137 1694 152 1718; x_wconf 86' lang='lat'><strong>3</strong></span> <span class='ocrx_word' id='word_1_198' title='bbox 169 1676 275 1713; x_wconf 88' lang='lat' dir='ltr'><strong>sione</strong></span> <span class='ocrx_word' id='word_1_199' title='bbox 305 1676 426 1714; x_wconf 88' lang='lat' dir='ltr'><strong>cedat.</strong></span> <span class='ocrx_word' id='word_1_200' title='bbox 485 1676 644 1713; x_wconf 83' lang='lat' dir='ltr'><strong>Placere</strong></span> <span class='ocrx_word' id='word_1_201' title='bbox 662 1676 806 1725; x_wconf 86' lang='lat' dir='ltr'><strong>itaque,</strong></span> <span class='ocrx_word' id='word_1_202' title='bbox 827 1680 976 1725; x_wconf 89' lang='lat' dir='ltr'><strong>patrem</strong></span> <span class='ocrx_word' id='word_1_203' title='bbox 996 1675 1180 1721; x_wconf 86' lang='lat' dir='ltr'><strong>arcessiri,</strong></span> <span class='ocrx_word' id='word_1_204' title='bbox 1202 1675 1352 1712; x_wconf 86' lang='lat' dir='ltr'><strong>interea</strong></span> 
     </span>
     <span class='ocr_line' id='line_1_26' title="bbox 170 1741 1351 1789; baseline 0 -11"><span class='ocrx_word' id='word_1_205' title='bbox 170 1741 266 1778; x_wconf 86' lang='lat' dir='ltr'><strong>iuris</strong></span> <span class='ocrx_word' id='word_1_206' title='bbox 293 1742 353 1778; x_wconf 91' lang='lat' dir='ltr'><strong>sui</strong></span> <span class='ocrx_word' id='word_1_207' title='bbox 382 1741 570 1777; x_wconf 87' lang='lat' dir='ltr'><strong>iacturam</strong></span> <span class='ocrx_word' id='word_1_208' title='bbox 600 1745 826 1778; x_wconf 82' lang='lat' dir='ltr'><strong>assertorem</strong></span> <span class='ocrx_word' id='word_1_209' title='bbox 855 1753 934 1777; x_wconf 91' lang='lat' dir='ltr'><strong>non</strong></span> <span class='ocrx_word' id='word_1_210' title='bbox 962 1741 1096 1786; x_wconf 86' lang='lat' dir='ltr'><strong>facere,</strong></span> <span class='ocrx_word' id='word_1_211' title='bbox 1119 1741 1215 1789; x_wconf 88' lang='lat' dir='ltr'><strong>quin</strong></span> <span class='ocrx_word' id='word_1_212' title='bbox 1234 1741 1351 1778; x_wconf 83' lang='lat' dir='ltr'><strong>ducat</strong></span> 
     </span>
     <span class='ocr_line' id='line_1_27' title="bbox 169 1805 1350 1855; baseline 0 -13"><span class='ocrx_word' id='word_1_213' title='bbox 169 1805 338 1855; x_wconf 89' lang='lat' dir='ltr'><strong>puellam</strong></span> <span class='ocrx_word' id='word_1_214' title='bbox 371 1805 658 1855; x_wconf 85' lang='lat' dir='ltr'><strong>sistendamque</strong></span> <span class='ocrx_word' id='word_1_215' title='bbox 690 1806 731 1842; x_wconf 92' lang='lat' dir='ltr'><strong>in</strong></span> <span class='ocrx_word' id='word_1_216' title='bbox 764 1806 976 1842; x_wconf 85' lang='lat' dir='ltr'><strong>adventum</strong></span> <span class='ocrx_word' id='word_1_217' title='bbox 1009 1805 1102 1851; x_wconf 87' lang='lat' dir='ltr'><strong>eius,</strong></span> <span class='ocrx_word' id='word_1_218' title='bbox 1138 1806 1206 1854; x_wconf 91' lang='lat' dir='ltr'><strong>qui</strong></span> <span class='ocrx_word' id='word_1_219' title='bbox 1239 1810 1350 1855; x_wconf 87' lang='lat' dir='ltr'><strong>pater</strong></span> 
     </span>
     <span class='ocr_line' id='line_1_28' title="bbox 137 1869 1350 1918; baseline 0 -13"><span class='ocrx_word' id='word_1_220' title='bbox 137 1886 152 1910; x_wconf 78' lang='lat'><strong>⁴</strong></span> <span class='ocrx_word' id='word_1_221' title='bbox 170 1869 331 1917; x_wconf 86' lang='lat' dir='ltr'><strong>dicatur,</strong></span> <span class='ocrx_word' id='word_1_222' title='bbox 353 1869 567 1918; x_wconf 86' lang='lat' dir='ltr'><strong>promittat.</strong></span> <span class='ocrx_word' id='word_1_223' title='bbox 625 1869 827 1906; x_wconf 90' lang='lat' dir='ltr'><strong>Adversus</strong></span> <span class='ocrx_word' id='word_1_224' title='bbox 852 1869 1035 1905; x_wconf 81' lang='lat' dir='ltr'><strong>iniuriam</strong></span> <span class='ocrx_word' id='word_1_225' title='bbox 1062 1869 1205 1906; x_wconf 90' lang='lat' dir='ltr'><strong>decreti</strong></span> <span class='ocrx_word' id='word_1_226' title='bbox 1230 1882 1350 1918; x_wconf 86' lang='lat' dir='ltr'><strong>quum</strong></span> 
     </span>
     <span class='ocr_line' id='line_1_29' title="bbox 170 1934 1351 1984; baseline 0 -13"><span class='ocrx_word' id='word_1_227' title='bbox 170 1934 285 1972; x_wconf 89' lang='lat' dir='ltr'><strong>multi</strong></span> <span class='ocrx_word' id='word_1_228' title='bbox 304 1935 426 1984; x_wconf 85' lang='lat' dir='ltr'><strong>magis</strong></span> <span class='ocrx_word' id='word_1_229' title='bbox 445 1935 664 1980; x_wconf 85' lang='lat' dir='ltr'><strong>fremerent,</strong></span> <span class='ocrx_word' id='word_1_230' title='bbox 685 1947 799 1983; x_wconf 79' lang='lat' dir='ltr'><strong>quam</strong></span> <span class='ocrx_word' id='word_1_231' title='bbox 827 1935 1030 1983; x_wconf 82' lang='lat' dir='ltr'><strong>quisquam</strong></span> <span class='ocrx_word' id='word_1_232' title='bbox 1059 1947 1158 1971; x_wconf 87' lang='lat' dir='ltr'><strong>unus</strong></span> <span class='ocrx_word' id='word_1_233' title='bbox 1177 1947 1351 1971; x_wconf 84' lang='lat' dir='ltr'><strong>recusare</strong></span> 
     </span>
     <span class='ocr_line' id='line_1_30' title="bbox 170 1999 1352 2049; baseline -0.001 -11"><span class='ocrx_word' id='word_1_234' title='bbox 170 2000 340 2048; x_wconf 85' lang='lat' dir='ltr'><strong>auderet,</strong></span> <span class='ocrx_word' id='word_1_235' title='bbox 363 2000 404 2038; x_wconf 91' lang='lat' dir='ltr'><strong>P.</strong></span> <span class='ocrx_word' id='word_1_236' title='bbox 428 1999 689 2045; x_wconf 86' lang='lat' dir='ltr'><strong>Numitorius,</strong></span> <span class='ocrx_word' id='word_1_237' title='bbox 710 1999 846 2049; x_wconf 84' lang='lat' dir='ltr'><strong>puellae</strong></span> <span class='ocrx_word' id='word_1_238' title='bbox 863 2012 968 2045; x_wconf 81' lang='lat' dir='ltr'><strong>avus,</strong></span> <span class='ocrx_word' id='word_1_239' title='bbox 986 2003 1025 2035; x_wconf 82' lang='lat' dir='ltr'><strong>et</strong></span> <span class='ocrx_word' id='word_1_240' title='bbox 1040 2011 1202 2048; x_wconf 87' lang='lat' dir='ltr'><strong>sponsus</strong></span> <span class='ocrx_word' id='word_1_241' title='bbox 1217 1999 1352 2037; x_wconf 85' lang='lat' dir='ltr'><strong>Icilius</strong></span> 
     </span>
    </p>

    <p class='ocr_par' dir='ltr' id='par_1_6' title="bbox 138 2063 1350 2241">
     <span class='ocr_line' id='line_1_31' title="bbox 138 2063 1350 2115; baseline -0.003 -12"><span class='ocrx_word' id='word_1_242' title='bbox 138 2081 152 2104; x_wconf 84' lang='lat' dir='ltr'><strong>s</strong></span> <span class='ocrx_word' id='word_1_243' title='bbox 170 2066 458 2111; x_wconf 87' lang='lat' dir='ltr'><strong>interveniunt;</strong></span> <span class='ocrx_word' id='word_1_244' title='bbox 487 2065 654 2115; x_wconf 81' lang='lat' dir='ltr'><strong>dataque</strong></span> <span class='ocrx_word' id='word_1_245' title='bbox 682 2064 784 2101; x_wconf 88' lang='lat' dir='ltr'><strong>inter</strong></span> <span class='ocrx_word' id='word_1_246' title='bbox 813 2064 967 2100; x_wconf 88' lang='lat' dir='ltr'><strong>turbam</strong></span> <span class='ocrx_word' id='word_1_247' title='bbox 989 2064 1062 2111; x_wconf 82' lang='lat' dir='ltr'><strong>via,</strong></span> <span class='ocrx_word' id='word_1_248' title='bbox 1085 2077 1204 2113; x_wconf 85' lang='lat' dir='ltr'><strong>quum</strong></span> <span class='ocrx_word' id='word_1_249' title='bbox 1223 2063 1350 2100; x_wconf 87' lang='lat' dir='ltr'><strong>multi-</strong></span> 
     </span>
     <span class='ocr_line' id='line_1_32' title="bbox 172 2127 1350 2176; baseline -0.003 -9"><span class='ocrx_word' id='word_1_250' title='bbox 172 2131 267 2167; x_wconf 90' lang='lat' dir='ltr'><strong>tudo</strong></span> <span class='ocrx_word' id='word_1_251' title='bbox 300 2130 403 2166; x_wconf 90' lang='lat' dir='ltr'><strong>Icilii</strong></span> <span class='ocrx_word' id='word_1_252' title='bbox 436 2131 604 2167; x_wconf 84' lang='lat' dir='ltr'><strong>maxime</strong></span> <span class='ocrx_word' id='word_1_253' title='bbox 638 2130 864 2165; x_wconf 84' lang='lat' dir='ltr'><strong>interventu</strong></span> <span class='ocrx_word' id='word_1_254' title='bbox 898 2128 1026 2164; x_wconf 79' lang='lat' dir='ltr'><strong>resisti</strong></span> <span class='ocrx_word' id='word_1_255' title='bbox 1068 2140 1176 2176; x_wconf 83' lang='lat' dir='ltr'><strong>posse</strong></span> <span class='ocrx_word' id='word_1_256' title='bbox 1218 2127 1350 2176; x_wconf 85' lang='lat' dir='ltr'><strong>Appio</strong></span> 
     </span>
     <span class='ocr_line' id='line_1_33' title="bbox 171 2191 1350 2241; baseline -0.004 -9"><span class='ocrx_word' id='word_1_257' title='bbox 171 2194 353 2241; x_wconf 86' lang='lat' dir='ltr'><strong>crederet,</strong></span> <span class='ocrx_word' id='word_1_258' title='bbox 381 2194 493 2232; x_wconf 82' lang='lat' dir='ltr'><strong>lictor</strong></span> <span class='ocrx_word' id='word_1_259' title='bbox 518 2194 689 2232; x_wconf 85' lang='lat' dir='ltr'><strong>decresse</strong></span> <span class='ocrx_word' id='word_1_260' title='bbox 719 2193 786 2238; x_wconf 82' lang='lat' dir='ltr'><strong>ait,</strong></span> <span class='ocrx_word' id='word_1_261' title='bbox 814 2193 1164 2240; x_wconf 81' lang='lat' dir='ltr'><strong>vociferantemque</strong></span> <span class='ocrx_word' id='word_1_262' title='bbox 1196 2191 1350 2227; x_wconf 88' lang='lat' dir='ltr'><strong>Icilium</strong></span> 
     </span>
    </p>
   </div>
  </div>
 </body>
</html>
