1438 2466
136 125 186 159 20
653 122 712 158 LI
726 122 800 159 Vll
953 121 1082 173 [A.U.c.
1109 134 1313 171 249—253

134 220 217 256 lum
248 221 357 256 abiit.
414 218 603 255 Romanis
640 232 717 268 pax
754 219 832 255 fida
871 216 959 270 [ita]
999 231 1085 255 cum
1125 218 1317 255 Porsinna

135 284 221 320 suit.

70 350 114 386 16
215 347 401 384 Consules
435 347 490 383 M.
525 345 719 392 Valerius,
759 346 801 382 P.
836 346 1071 382 Postumius.
1130 346 1188 382 Eo
1215 359 1317 382 anno

134 422 395 482 ὶζὲιηιῖιιίῗιηῖιιῖιὲῗξέ
427 412 523 447 bene
553 416 769 460 pugnatum
801 425 889 448 cum
927 411 1080 447 Sabinis
1094 424 1104 457 5
1141 411 1316 448 eonsules

102 501 116 516 2
134 482 208 509 dii‘to
221 484 317 508 Rome.
427 477 729 526 triumpharunt.
782 478 932 514 Maiore
951 478 1040 513 inde
1061 477 1160 513 mole
1181 477 1317 513 Sabini

133 540 279 577 bellum
309 541 507 590 parabant.
565 541 767 578 Adversus
800 555 874 587 eos,
905 546 944 578 et
982 555 1030 577 ne
1068 541 1162 590 quid
1199 541 1315 577 simul

133 608 182 643 ab
206 607 383 653 Tusculo,
406 606 508 643 unde
527 606 600 643 etsi
625 619 704 643 non
730 611 918 655 apertum,
939 611 1157 655 suspectum
1185 609 1313 642 tamen

134 672 280 708 bellum
309 676 403 715 erat,
434 671 629 720 repentini
659 671 820 720 periculi
849 671 1027 715 oriretur,
1056 670 1098 707 P.
1132 669 1315 706 Valerius

102 756 117 780 3
134 739 328 783 quartum,
351 734 394 770 Τ.
423 734 628 770 Lucretius
647 735 789 771 iterum
809 734 984 771 consules
1004 734 1106 770 facti.
1165 733 1313 770 Seditio

133 799 237 835 inter
256 799 346 835 belli
366 798 546 847 pacisque
561 803 735 835 auctores
750 803 834 835 orta
847 798 888 833 in
902 798 1054 834 Sabinis
1068 798 1312 846 aliquantum

103 882 118 905 ⁴
134 863 224 900 inde
244 863 386 899 virium
416 864 621 900 transtulit
645 864 693 900 ad
720 864 925 901 Romanos.
983 863 1163 912 Namque
1188 865 1312 900 Attus

137 926 312 973 Clausus,
337 926 400 962 cui
419 931 552 975 postea
573 927 702 976 Appio
722 927 885 963 Claudio
905 926 983 962 fuit
1003 926 1135 962 Romae
1159 940 1310 973 nomen,

135 1003 255 1039 quum
276 991 378 1039 pacis
398 991 479 1039 ipse
499 995 634 1027 auctor
652 1004 676 1027 a
693 991 961 1027 turbatoribus
975 991 1064 1027 belli
1076 996 1316 1040 premeretur

135 1069 205 1092 nec
234 1070 303 1105 par
330 1056 493 1093 factioni
521 1062 631 1102 esset,
652 1057 701 1093 ab
730 1057 926 1105 Inregillo,
949 1069 1089 1105 magna
1116 1056 1316 1093 clientium

103 1140 116 1162 5
135 1122 344 1159 comitatus
363 1135 491 1167 manu,
514 1122 680 1158 Romam
699 1121 921 1170 transfugit.
980 1121 1057 1157 His
1077 1121 1214 1157 civitas
1227 1121 1319 1157 data

7 1231 13 1234 μ
135 1199 301 1235 agerque
321 1190 430 1222 trans
450 1186 645 1222 Anienem
662 1200 672 1233 3
701 1190 815 1221 vetus
835 1185 998 1222 Claudia
1016 1185 1153 1230 tribus,
1175 1184 1319 1221 additis

23 1244 26 1284 J
58 1250 86 1285 Γ,
110 1283 111 1286 ,
135 1255 268 1300 postea
288 1251 399 1287 novis
420 1251 642 1296 tribulibus,
664 1251 732 1299 qui
751 1264 800 1286 ex
819 1264 862 1286 eo
883 1249 1062 1286 venirent
1073 1262 1174 1298 agro,
1192 1249 1319 1298 appel-

136 1315 216 1351 lati.
274 1314 429 1364 Appius
450 1315 553 1351 inter
572 1319 701 1363 patres
720 1315 854 1360 lectus,
876 1314 978 1350 haud
1005 1314 1061 1349 ita
1083 1313 1207 1350 multo
1231 1318 1319 1362 post

103 1390 119 1414 6
136 1379 174 1415 in
193 1379 414 1428 principum
434 1379 699 1428 dignationem
718 1378 905 1428 pervenit.
965 1378 1152 1415 Consules
1175 1377 1319 1414 infesto

136 1445 310 1481 exercitu
337 1444 381 1480 in
408 1457 543 1493 agrum
574 1444 760 1480 Sabinum
789 1443 954 1492 profecti
980 1456 1099 1491 quum
1119 1443 1176 1478 ita
1194 1447 1319 1479 vasta-

137 1509 252 1555 tione,
287 1508 377 1544 dein
408 1508 542 1557 proelio
572 1508 802 1543 afflixissent
834 1520 924 1556 opes
954 1506 1136 1553 hostium,
1168 1510 1213 1542 ut
1250 1506 1318 1543 diu

136 1573 235 1609 nihil
267 1573 359 1610 inde
396 1572 618 1609 rebellionis
656 1573 793 1609 timere
830 1577 998 1621 possent,
1032 1571 1319 1620 triumphantes

137 1638 302 1675 Romam
322 1638 531 1675 redierunt.

103 1725 117 1748 7
216 1703 260 1740 P.
283 1703 476 1748 Valerius,
492 1703 666 1739 omnium
685 1716 872 1740 consensu
893 1704 1071 1752 princeps
1091 1703 1183 1739 belli
1202 1703 1320 1752 pacis-

136 1781 210 1818 que
230 1768 389 1814 artibus,
411 1780 512 1804 anno
532 1774 618 1816 post
636 1768 814 1817 Agrippa
833 1768 1028 1813 Menenio,
1052 1767 1094 1803 P.
1118 1767 1320 1804 Postumio

136 1833 358 1870 consulibus
387 1833 563 1879 moritur,
587 1833 711 1881 gloria
740 1834 900 1883 ingenti,
923 1833 1042 1882 copiis
1066 1832 1320 1869 familiaribus

136 1897 231 1934 adeo
260 1897 422 1946 exiguis,
451 1902 497 1933 ut
525 1897 654 1933 funeri
683 1901 862 1945 sumptus
890 1897 1063 1941 (lecsset3
1091 1896 1138 1933 de
1166 1896 1320 1946 publico

103 1975 117 1999 8
135 1966 194 1997 est
213 1961 336 1999 datus.
383 1961 536 1998 Luxere
556 1966 740 1998 matronae
761 1966 806 1998 ut
827 1962 1006 1998 Brutum.
1051 1961 1196 1998 Eodem
1215 1974 1319 1998 anno

135 2028 220 2064 duae
247 2027 404 2065 coloniae
434 2027 596 2074 Latinae,
627 2027 804 2064 Pometia
831 2032 872 2063 et
900 2026 1007 2073 Cora,
1033 2025 1083 2063 ad
1111 2026 1320 2063 Auruncos

136 2092 330 2129 deficiunt.
390 2092 488 2129 Cum
527 2092 726 2128 Auruncis
770 2091 914 2128 bellum
952 2091 1119 2138 initum3
1158 2091 1320 2141 fusoque

136 2156 286 2205 ingenti
301 2156 487 2202 exercitu,
509 2156 576 2205 qui
595 2169 634 2192 se
654 2155 964 2205 ingredientibus
983 2156 1078 2193 fines
1097 2155 1320 2193 consulibus

136 2220 313 2256 ferociter
342 2220 548 2267 obtulerat,
580 2233 692 2256 omne
726 2220 958 2257 Auruncum
997 2220 1141 2257 bellum
1183 2220 1320 2257 Pome-
