1438 2466
96 133 203 159 ⁴mm.
225 120 320 172 495]
555 122 725 158 LIBER
763 121 821 158 ll.
1232 125 1278 160 31

97 219 325 265 Pometiam,
354 232 431 268 quo
459 220 713 267 confugerant
739 218 879 264 hostes,
901 218 1116 267 legionibus
1143 220 1281 267 ductis,

97 283 203 320 intra
238 295 379 332 paucos
414 283 495 319 dies
531 282 714 331 oppidum
749 283 923 332 capitur;
960 289 1114 332 captum
1149 285 1284 332 praedae

97 347 243 384 datum.
301 346 400 383 Inde
428 346 585 396 paulum
616 352 810 383 recreatus
837 359 953 396 egeus
981 347 1114 393 miles3
1152 348 1319 384 consulo

97 425 186 450 cum
215 411 386 448 maxima.
415 411 539 460 gloria
568 423 638 447 sua
661 410 847 447 victorem
876 411 1089 447 exercitum
1120 411 1285 448 Romam

98 474 258 513 reducit.
318 475 577 511 Decedentem
613 471 813 525 [Romam]
852 473 1131 510 Ecetranorum
1171 474 1283 511 Vols-

98 553 230 577 corum
255 539 384 589 legati,
406 540 522 576 rebus
545 539 625 576 suis
649 539 832 576 timentes
857 544 945 588 post
965 539 1178 576 Pometiam
1199 553 1284 590 cap-

98 610 192 652 tam,
212 605 371 644 adeunt.
427 604 506 641 His
530 617 579 641 ex
603 609 761 642 senatus
779 605 957 642 consulto
976 605 1068 641 data
1087 618 1175 654 pax,
1197 619 1287 655 ager

99 667 311 717 ademptus.

78 725 83 728 ¹
180 729 394 767 Confestim
420 733 459 765 et
485 728 621 765 Sabini
642 729 839 765 Romanos
865 730 1118 778 terlitavere;
1147 730 1287 766 tumul·
1305 728 1354 765 26

101 798 166 830 tus
183 793 287 830 em'm
305 793 383 829 fuit
398 793 527 830 verius
545 806 661 842 quam
681 793 835 830 bellum.
876 793 1002 831 Nocte

100 859 143 895 in
168 857 302 894 urbem
329 857 554 894 nuntiatum
573 863 643 903 cst,
663 858 875 894 exercitum
897 859 1002 895 Sabi-

101 935 195 960 num
224 921 529 971 praedabundum
558 921 607 958 ad
635 922 830 959 Anienem
863 936 1015 959 amnem
1046 925 1287 972 pervenisse;

102 986 158 1023 ibi
182 985 325 1035 lmssim
350 985 468 1034 diripi
487 990 606 1034 atque
625 985 781 1022 incendi
800 986 922 1024 villas.
982 987 1127 1024 Missus
1145 993 1288 1025 extem-
1307 1008 1320 1022 2

102 1050 166 1099 plo
193 1064 238 1087 co
265 1063 352 1086 cum
381 1049 560 1086 omnibus
588 1050 708 1098 copiis
744 1051 920 1099 equitum
958 1052 1008 1088 A.
1050 1051 1286 1098 Postumius,

102 1111 170 1160 qui
188 1110 356 1147 dictator
375 1111 476 1147 bello
497 1110 637 1146 Latino
656 1111 805 1158 fuerat3
833 1116 989 1149 secutus
1007 1113 1139 1150 consul
1166 1114 1288 1150 Servi-

103 1175 179 1211 lius
205 1187 293 1211 cum
321 1174 471 1211 delecta
497 1174 671 1223 peditum
701 1187 828 1211 manu.
887 1175 1097 1226 Plerosque
1115 1177 1289 1226 palantes
1307 1192 1322 1215 3

103 1249 218 1286 eques
254 1235 520 1280 circumvenit,
559 1248 629 1271 1100
667 1235 894 1272 advenienti
932 1237 1105 1286 peditum
1143 1240 1287 1288 agmini

102 1300 250 1337 restitit
296 1299 440 1336 Sabina
486 1299 595 1351 Q'o.
671 1300 780 1337 Fessi
830 1314 952 1350 quum
1004 1302 1154 1350 itincre,
1203 1309 1288 1341 tum

103 1362 352 1411 populatione
388 1366 589 1409 nocturna,
628 1376 769 1412 magna
805 1377 894 1413 pars
930 1365 972 1401 in
1009 1366 1115 1403 villis
1152 1369 1287 1417 repleti

103 1427 188 1464 cibo
234 1427 412 1477 vinoque,
454 1428 523 1464 vix
568 1428 667 1477 fugae
712 1429 814 1478 quod
861 1430 957 1467 satis
998 1436 1098 1469 esset
1144 1433 1287 1470 virium

103 1492 283 1530 habuere.

183 1556 311 1594 Nocte
329 1569 408 1594 una
425 1556 561 1594 audito
579 1557 826 1606 perfectoque
846 1557 946 1594 bello
966 1558 1119 1606 Sabino,
1137 1565 1288 1609 postero
1307 1579 1320 1599 ⁴

105 1621 177 1669 die,
218 1622 261 1658 in
297 1635 437 1672 magna.
466 1623 543 1659 iam
573 1636 639 1671 spe
673 1622 845 1671 undique
876 1629 996 1672 partae
1025 1625 1140 1674 pacis,
1171 1625 1287 1676 legati

106 1684 285 1722 Aurunci
313 1690 490 1722 senatum
517 1685 675 1732 adeunt,
705 1686 747 1722 ni
774 1685 983 1723 decedatur
1011 1687 1153 1725 Volsco
1184 1702 1286 1738 agro,

106 1748 249 1787 bellum
277 1749 502 1787 indicentes.
559 1750 659 1787 Cum
686 1750 824 1799 legatis
851 1751 968 1788 simul
991 1753 1185 1791 exercitus
1207 1755 1287 1791 Au·
1307 1772 1320 1795 5

106 1825 312 1850 runcorum
360 1813 473 1851 domo
510 1814 705 1863 profectus
741 1819 850 1860 erat;
897 1816 1007 1852 cuius
1044 1816 1148 1854 fama
1183 1817 1288 1856 haud

105 1878 237 1928 procul
273 1878 350 1915 iam
386 1879 436 1915 ab
472 1878 609 1916 Aricia
644 1878 720 1915 visi
756 1883 866 1916 tanto
902 1880 1076 1918 tumultu
1121 1884 1289 1921 concivit

106 1942 311 1990 Romanos,
341 1948 387 1981 ut
413 1956 484 1980 1100
511 1943 658 1980 consuli
687 1943 823 1980 ordine
851 1949 981 1993 patres
1010 1958 1080 1982 nec
1109 1951 1286 1995 pacatum

106 2019 331 2057 responsum
355 2020 464 2044 arma
487 2006 747 2044 inferentibus
765 2020 873 2044 arma
891 2008 967 2057 ipsi
985 2009 1179 2059 capientes
1197 2011 1288 2049 dare

106 2075 271 2120 possent.
326 2071 503 2108 Ariciam
532 2071 674 2108 infesto
709 2071 864 2121 agmine
898 2071 981 2109 itur
994 2087 1004 2119 ;
1049 2086 1120 2111 nec
1156 2076 1286 2124 procul
1304 2089 1319 2112 ⁶

107 2134 196 2172 inde
223 2147 309 2172 cum
338 2134 538 2173 Auruncis
564 2134 676 2184 signa
702 2135 852 2182 collata,
881 2135 1093 2187 proelioque
1122 2151 1200 2176 uno
1227 2139 1288 2177 de-

106 2198 291 2236 bellatum
311 2204 380 2236 est.

1053 841 1150 866 Sabine
1171 848 1252 866 sente.
