1438 2466
135 162 238 189 ΔΛΕ.
263 149 354 203 446]
578 150 744 187 LIBER
781 149 862 186 III.
1231 150 1302 187 169

135 259 267 284 causas
284 245 533 296 cognoscendi
542 258 553 291 ;
580 257 713 282 omnes
741 244 909 281 iuniores
931 248 1081 293 postero
1100 244 1162 281 die
1181 244 1305 294 prima

134 310 217 347 luce
246 311 288 346 in
317 323 448 359 campo
481 309 626 346 Martio
659 309 834 345 adessent
847 323 857 355 3
885 309 1155 357 cognoscendis
1183 309 1304 345 causis
1320 329 1333 351 7

134 386 276 420 eorum,
307 374 374 423 qui
404 373 559 410 nomina
590 385 668 410 non
700 372 905 418 dedissent,
936 372 1035 409 bello
1067 373 1234 422 perfecto
1265 385 1305 409 se

133 438 292 476 daturos
322 443 497 487 tempus;
536 450 604 486 pro
641 437 833 473 desertore
869 436 1056 481 futurum,
1085 436 1194 473 cuius
1226 448 1304 473 non

133 503 358 553 probassent
379 514 543 547 causam,
563 502 687 538 omnis
714 501 896 537 iuventus
922 500 1034 536 affuit
1060 504 1211 549 postero
1229 499 1300 536 die.

135 566 319 604 Cohortes
337 566 410 603 sibi
429 577 587 615 quaeque
606 565 848 601 centuriones
872 563 1048 613 legerunt
1061 576 1073 610 3
1099 563 1182 600 bini
1200 575 1302 600 sena-
1320 577 1334 601 8

132 634 234 667 tores
261 629 422 679 singulis
449 629 669 666 cohortibus
688 628 890 677 praepositi.
950 627 1045 664 Haec
1064 628 1192 664 omnia
1210 627 1304 664 adeo

88 716 91 719 -
132 698 281 731 mature
317 693 485 744 perfecta
521 694 743 742 accepimus,
778 697 823 729 ut
855 692 972 741 signa,
1004 705 1048 728 eo
1079 692 1160 741 ipso
1189 692 1251 729 die
1281 705 1305 728 a

131 758 383 807 quaestoribus
410 770 457 794 ex
487 757 620 794 aerario
638 761 816 806 prompta
835 755 1035 806 delataque
1054 756 1094 792 in
1113 768 1300 805 campum,

131 825 269 870 quarta
296 821 372 857 diei
400 820 493 857 hora
533 825 638 856 mota
673 832 722 855 ex
758 832 891 868 campo
918 819 1007 865 sint,
1037 820 1303 868 exercitusque

131 896 264 931 novuti,
294 884 425 933 paucis
453 883 672 920 cohortibus
701 887 875 920 veterum
903 883 1072 920 militum
1101 883 1302 919 voluntate

131 948 387 997 sequentibuS,
404 948 589 984 manserit
603 947 652 984 ad
671 947 860 983 decimum
875 946 1050 996 lapidem.
1091 947 1303 996 Insequens
1318 965 1334 990 9

130 1012 211 1049 dies
230 1012 375 1049 hostem
397 1013 438 1048 in
457 1016 700 1061 conspectum
720 1011 836 1056 dedit,
857 1015 1056 1060 castraque
1074 1011 1122 1047 ad
1151 1011 1299 1048 Corbio

132 1089 218 1113 nem
238 1078 371 1114 castris
390 1081 483 1114 sunt
500 1077 712 1114 coniuncta.
771 1076 903 1113 Tertio
922 1076 994 1122 die,
1011 1089 1130 1126 quum
1150 1077 1208 1113 ira
1228 1077 1302 1114 Ro-
1320 1101 1351 1118 ,ο

132 1153 272 1188 manos,
289 1141 385 1187 illos,
399 1154 518 1190 quum
533 1141 648 1177 toties
662 1139 919 1186 rebellassent,
935 1140 1166 1177 conscientia
1181 1140 1301 1189 culpae

129 1219 173 1243 ac
192 1206 407 1255 desperatio
426 1206 607 1251 irritaret,
628 1217 735 1241 mora
755 1205 963 1241 dimicandi
982 1204 1089 1241 nulla
1108 1209 1166 1241 est
1186 1204 1295 1241 facta.

209 1270 259 1307 In
294 1270 466 1307 exercitu
504 1269 679 1307 Romano
716 1283 834 1319 quum
871 1269 947 1306 duo
975 1269 1148 1307 consules
1175 1274 1302 1306 essent
1319 1272 1368 1310 '70

131 1337 318 1382 potestate
350 1333 443 1382 pari,
478 1333 580 1382 quod
613 1333 905 1371 saluberrimum
942 1333 984 1369 in
1018 1364 1157 1395 eompiete
1201 1365 1301 1395 mmm

129 1396 464 1433 administratione
502 1410 725 1446 magnarum
757 1409 883 1433 rernm
911 1400 980 1441 est,
1015 1395 1230 1450 {ffssiiisbymflf
1251 1398 1302 1449 ‘²12

129 1473 278 1497 summa
322 1462 482 1510 imperii,
521 1462 750 1499 concedente
796 1464 982 1512 Agrippa,
1018 1463 1120 1486 enemy.

130 1536 244 1573 penes
273 1523 454 1573 collegam
488 1529 572 1561 erat
587 1538 596 1571 ;
625 1529 665 1561 et
696 1525 876 1574 praelatus
905 1525 970 1561 illc
995 1525 1174 1562 facilitati
1202 1539 1301 1562 surn-

131 1588 321 1624 rnittentis
339 1601 379 1625 se
405 1588 564 1625 comiter
591 1589 844 1638 respondebat
870 1589 1186 1626 communicando
1213 1602 1298 1626 con-

130 1650 216 1686 silia
234 1650 448 1699 >laudesque
481 1655 521 1687 et
553 1652 738 1700 aequando
771 1653 955 1701 imparem
994 1652 1077 1690 sibi.
1136 1652 1186 1688 In
1222 1653 1300 1689 acie
1318 1668 1332 1684 ²

131 1715 334 1759 Quinctius
359 1715 539 1751 dextrum
569 1729 698 1761 cornu,
721 1716 896 1765 Agrippa
923 1716 1122 1752 sinistrum
1148 1717 1276 1752 tenuit
1290 1730 1300 1762 ;

130 1779 192 1828 Sp.
216 1780 414 1816 Postumio
443 1780 546 1817 Albo
574 1780 700 1829 legato
728 1781 843 1817 datur
870 1780 995 1816 media
1022 1781 1121 1817 acies
1140 1781 1300 1827 tuenda3

130 1844 297 1893 legatum
335 1844 498 1880 alterum
531 1845 572 1881 P.
610 1844 821 1893 Sulpicium
851 1844 1046 1893 equitibus
1075 1844 1296 1893 praeficiunt.

130 1907 284 1945 Pedites
303 1908 352 1944 ab
370 1908 505 1945 dextro
532 1921 651 1945 cornu
671 1909 818 1958 egregie
846 1921 1075 1957 pugnavere,
1097 1907 1200 1944 haud
1218 1920 1298 1957 seg·
1318 1924 1332 1947 3

130 1971 231 2008 niter
258 1971 524 2008 resistentibus
545 1971 706 2009 Volscis.
766 1972 806 2008 P.
830 1971 1020 2020 Sulpicius
1039 1983 1106 2019 per
1134 1970 1298 2008 mediam
1318 1989 1330 2009 ⁴

130 2035 297 2072 hostium
325 2035 445 2072 aciem
473 2048 558 2072 curn
587 2035 764 2084 equitatu
797 2035 979 2084 perrupit.
1039 2034 1155 2071 Unde
1180 2047 1298 2084 quum

129 2099 261 2136 eadem
281 2099 422 2136 reverti
441 2104 568 2148 posset
586 2099 634 2136 ad
660 2112 758 2144 suos,
780 2099 1002 2148 priusquam
1028 2098 1149 2135 hostis
1173 2099 1303 2135 turba-

130 2168 190 2200 tos
208 2163 358 2199 ordines
386 2163 568 2208 reficeret,
600 2168 707 2213 terga
731 2164 954 2212 impugnare
984 2162 1151 2198 hostium
1179 2162 1300 2199 satius

133 2229 253 2264 visum
285 2231 360 2273 est;
388 2232 655 2276 momentoque
684 2227 877 2276 temporis,
907 2227 945 2263 in
975 2239 1146 2262 aversam
1178 2226 1299 2262 incur-
