1438 2466
132 125 182 163 78
651 127 803 164 LIVII
949 127 1080 180 [Aue.
1107 131 1311 180 285—286

99 243 114 265 5
131 223 278 260 tutiora
310 224 401 261 loca.
461 225 508 262 Id
541 225 636 262 satis
666 225 814 262 consuli
843 226 981 272 visum,
1016 239 1085 262 cur
1110 240 1179 276 pro
1211 228 1310 264 victo

131 287 368 338 relinqueret
388 288 551 335 hostem,
573 289 724 338 integro
744 289 835 326 inde
854 290 1040 326 decedens
1059 290 1169 328 bello.

64 365 112 402 63
210 353 322 390 Inter
348 353 428 390 haec
457 354 558 389 bella
585 360 767 390 manente
791 354 980 391 discordia
1002 354 1117 400 domi,
1139 355 1313 392 consules

99 439 113 455 2
130 417 170 456 T.
194 417 402 454 Numicius
429 417 594 464 Priscus,
627 418 676 455 A.
701 418 915 467 Verginius
934 419 1039 455 facti.
1098 419 1190 456 Non
1209 420 1314 457 ultra

131 481 338 517 videbatur
366 481 494 517 latura
515 481 646 530 plebes
672 482 901 519 dilationem
921 483 1079 531 agrariae
1098 482 1203 532 legis,
1225 483 1313 519 ulti-

131 558 268 595 maque
288 545 347 582 vis
376 546 594 594 parabatur,
616 559 748 596 quum,
770 547 932 584 Volscos
960 547 1101 594 adesse,
1130 547 1237 584 fumo
1265 561 1314 585 ex

130 609 320 646 incendiis
357 609 539 646 villarum
572 610 740 659 fugaque
772 610 984 660 agrestium
1012 611 1207 660 cognitum
1241 617 1310 649 est.

131 673 190 710 Ea
209 686 268 710 res
288 678 481 710 maturam
501 674 578 710 iam
597 674 826 711 seditionem
845 688 888 711 ac
909 688 1026 724 prope
1046 680 1312 724 erumpentem

99 738 322 787 3repressit.
384 738 580 785 Consules,
620 738 742 775 coacti
780 739 976 788 extemplo
1009 739 1057 775 ab
1095 744 1232 776 senatu
1265 739 1312 776 ad

133 803 287 849 bellum,
327 802 465 839 educta
510 815 560 839 ex
605 803 700 839 urbe
746 803 962 849 iuventute,
1002 804 1313 853 tranquilliorem

99 892 114 914 4
131 871 298 904 ceteram
335 867 486 916 plebem
519 867 704 904 fecerunt.
763 867 817 903 Et
849 867 979 904 hostes
1009 868 1176 917 quidem,
1212 869 1312 905 nihil

131 932 237 969 aliud
275 945 391 981 quam
428 932 594 981 perfusis
640 944 741 968 vano
778 932 918 969 timore
956 932 1154 979 Romanis,
1193 934 1312 970 citato

101 1016 114 1039 5
131 996 284 1046 agmine
313 997 482 1034 abeunt:
512 996 719 1032 Numicius
739 996 909 1032 Antium
933 996 1118 1033 adversus
1139 997 1310 1044 Volscos,

131 1061 344 1111 Verginius
374 1065 508 1098 contra
539 1061 690 1110 AEquos
723 1062 927 1110 profectus.
992 1061 1056 1097 Ibi
1084 1075 1133 1098 ex
1163 1062 1313 1099 insidiis

131 1139 248 1175 prope
276 1138 416 1174 magna
444 1129 598 1174 accepta
626 1124 743 1170 clade,
765 1124 892 1160 Virtus
920 1123 1091 1159 militum
1120 1137 1200 1160 rem
1229 1137 1313 1173 pro-

99 1205 114 1229 6
131 1190 276 1239 lapsam
322 1188 560 1239 negligentia
605 1188 775 1225 consulis
821 1187 1006 1224 restituit.
1080 1186 1226 1224 Melius
1272 1188 1312 1224 in

131 1255 285 1292 Volscis
304 1255 537 1305 imperatum
558 1259 616 1292 est
629 1269 638 1302 3
670 1255 747 1291 fusi
767 1254 891 1303 primo
910 1254 1045 1303 proelio
1064 1253 1193 1291 hostes
1209 1254 1314 1304 fuga-

132 1334 205 1371 que
235 1321 277 1357 in
306 1321 441 1357 urbem
468 1320 651 1365 Antium,
672 1323 716 1356 ut
742 1323 827 1355 tum
846 1332 908 1356 res
927 1324 1051 1365 erant,
1072 1319 1313 1368 opulentissi-

131 1399 234 1422 mam
260 1385 347 1423 acti.
407 1385 532 1430 Quam
552 1384 687 1421 consul
706 1396 931 1433 oppugnare
950 1396 1029 1419 non
1048 1395 1165 1429 ausus
1185 1382 1314 1420 Oaeno-

131 1463 230 1496 nem,
265 1449 371 1486 aliud
402 1449 587 1499 oppidum
616 1461 858 1498 nequaquam
887 1452 967 1484 tam
996 1447 1234 1496 opulentum,
1265 1447 1314 1482 ab

100 1534 114 1557 7
132 1515 363 1552 Antiatibus
394 1514 503 1563 cepit.
563 1513 669 1550 Dum
707 1512 832 1562 AEqui
869 1512 1078 1560 Volscique
1118 1511 1313 1547 Romanos

132 1580 323 1617 exercitus
352 1583 498 1626 tenent,
521 1579 655 1615 Sabini
683 1590 805 1628 usque
832 1578 880 1614 ad
909 1581 1040 1627 portas
1062 1576 1171 1613 urbis
1196 1589 1315 1626 popu-

133 1645 258 1681 lantes
288 1644 484 1681 incessere.
543 1642 697 1679 Deinde
724 1643 799 1692 ipsi
827 1641 958 1691 paucis
986 1645 1074 1691 post
1101 1641 1238 1677 diebus
1266 1641 1314 1676 ab

132 1708 283 1745 duobus
303 1707 548 1752 exercitibus,
572 1711 737 1756 utroque
756 1719 824 1755 per
843 1705 941 1742 iram
960 1705 1115 1742 consule
1141 1705 1312 1754 ingresso

132 1773 173 1809 in
194 1773 301 1819 fines,
323 1772 410 1821 plus
429 1771 608 1818 cladium,
630 1784 745 1820 quam
765 1770 993 1816 intulerant,
1014 1774 1253 1818 acceperunt.

67 1840 115 1877 64
212 1838 400 1875 Extremo
432 1850 534 1874 anno
564 1837 667 1886 pacis
695 1835 841 1885 aliquid
870 1834 958 1881 fuit,
987 1835 1063 1881 sed,
1092 1839 1137 1871 ut
1165 1846 1314 1883 semper

133 1903 238 1948 alias,
278 1902 453 1939 sollicitae
490 1901 595 1951 pacis
643 1901 853 1938 certamine
900 1904 1054 1949 patrum
1102 1904 1141 1936 et
1179 1898 1310 1948 plebis.

103 1986 116 2001 2
135 1967 243 2003 Irata
280 1967 386 2017 plebs
426 1967 609 2002 interesse
646 1964 913 2001 consularibus
959 1963 1125 2000 comitiis
1162 1962 1313 2009 noluit;

134 2046 202 2082 per
238 2038 367 2082 patres
404 2032 639 2080 clientesque
685 2034 840 2079 patrum
887 2029 1064 2066 consules
1110 2027 1230 2065 creati
1267 2028 1308 2064 T.

136 2098 355 2143 Quinctius,
404 2098 448 2142 Q.
499 2096 696 2133 Servilius.
773 2095 946 2132 Similem
1002 2107 1148 2131 annum
1194 2092 1312 2143 priori

136 2161 341 2215 [consules]
376 2163 532 2206 liabent,
566 2161 750 2198 seditiosa
787 2160 913 2206 initia,
948 2159 1048 2196 bello
1080 2157 1219 2195 deinde
1252 2170 1314 2193 cx-

103 2250 116 2272 3
136 2233 246 2265 terno
276 2228 495 2276 tranquilla.
555 2225 689 2262 Sabini
719 2223 991 2261 Crustuminos
1018 2236 1170 2272 campos
1195 2221 1315 2258 citato
