1438 2466
120 163 224 191 Aca.
247 149 338 201 449]
559 149 727 187 LIBER
766 151 847 187 Ill.
1226 150 1299 187 143

121 249 299 293 attIneat,
330 259 488 284 uxorem
516 246 590 283 sibi
619 249 698 282 fato
726 252 908 295 ereptam,
940 247 1069 290 filiam,
1101 247 1193 296 quia
1223 259 1299 283 non

123 311 226 348 ultra
259 311 396 360 pudica
425 311 576 347 victura
613 311 741 355 fuerit,
777 310 966 356 miseram,
1000 311 1065 347 sed
1099 311 1298 347 honestam

122 380 283 412 mortem
305 375 525 413 occubuisse
541 388 551 421 ;
581 388 658 412 non
674 388 754 412 esse
773 375 850 412 iam
864 375 986 424 Appii
1002 375 1155 412 libidini
1174 375 1298 411 locum
1315 394 1330 417 9

122 439 164 475 in
190 439 303 476 domo
330 451 400 475 sua
414 451 424 485 3
452 438 500 474 ab
526 438 602 474 alia
626 438 811 475 violentia
837 438 919 475 eius
944 438 1075 474 eodem
1106 451 1145 474 se
1171 437 1300 474 animo

121 515 232 539 suum
272 515 407 552 eorpus
445 501 743 546 vindicatumm,
783 514 859 551 quo
897 501 1155 538 vindicaverit
1190 501 1300 547 filiae3

121 568 238 603 ceteri
257 567 332 603 sibi
351 579 395 603 ac
414 566 544 602 liberis
569 565 649 601 suis
673 566 925 602 consulerent.
986 565 1080 601 Haec
1110 564 1300 613 Verginio
1317 581 1348 598 ια

122 631 349 667 vociferanti
382 629 641 666 succlamabat
673 629 894 674 multitudo,
930 642 1000 666 nec
1037 629 1144 665 illius
1177 628 1301 665 dolori

81 724 84 727 .
122 708 191 732 nec
224 708 302 732 suae
340 695 513 731 libertati
540 707 580 731 se
609 695 817 731 defuturos.
879 695 931 730 Et
968 694 1139 730 immixti
1176 694 1300 730 turbae

123 759 291 795 militum
312 758 444 807 togati,
468 755 621 809 [quum]
648 757 780 794 eadem
808 757 876 794 illa
901 758 1096 807 querendo
1115 757 1300 794 docendo-

122 837 207 874 que,
237 830 384 873 quanto
414 824 496 859 visa
524 836 639 872 quam
676 823 810 859 audita
839 823 1056 872 indigniora
1086 824 1301 872 oportuerit

123 890 256 934 videri,
287 889 402 925 simul
432 888 671 938 profligatam
700 889 776 924 iam
807 901 886 925 rem
916 889 1133 926 nuntiando
1169 890 1300 926 Romae

121 968 211 1001 esse,
238 955 487 1003 insecutique,
513 955 580 1003 qui
609 955 783 1003 Appium
813 967 929 1004 prope
955 955 1230 1004 interemptum
1258 956 1299 991 in
1319 975 1343 990 ιι

121 1018 299 1055 exsilium
319 1019 442 1055 abisse
464 1019 645 1063 dicerent,
668 1018 931 1067 perpulerunt,
956 1022 1000 1054 ut
1022 1018 1070 1054 ad
1089 1032 1197 1055 arma
1215 1032 1300 1055 eon-

121 1083 362 1128 cIamaretur,
404 1083 667 1132 vellerentque
704 1083 812 1132 sigua
849 1087 889 1119 et
934 1082 1095 1118 Romam
1135 1083 1300 1132 proficis-

121 1151 308 1184 cervntur.
369 1146 586 1183 Decemviri
613 1146 727 1183 simul
755 1146 813 1191 iis,
835 1159 919 1195 quae
939 1146 1134 1191 videbant,
1162 1147 1298 1196 iisque,
1318 1167 1346 1183 η

121 1224 205 1261 quae
233 1217 318 1248 aeta
342 1211 473 1247 Romae
500 1211 714 1256 audierant,
745 1211 962 1260 perturbati
990 1211 1089 1247 alins
1114 1211 1154 1247 in
1183 1211 1299 1248 aliam

122 1280 270 1326 partem
289 1280 501 1312 castrorum
521 1275 568 1312 ad
588 1275 775 1312 sedandos
794 1281 922 1312 motus
942 1275 1173 1312 discurrunt.
1224 1275 1300 1312 Sed

122 1340 262 1377 leniter
288 1341 491 1390 agentibus
516 1353 740 1390 responsum
767 1354 846 1377 non
868 1341 1066 1388 reddum-5
1095 1341 1299 1390 imperium

121 1405 152 1441 si
178 1405 264 1454 quis
291 1405 494 1449 inhiberet,
515 1409 556 1441 et
579 1405 682 1441 viros
707 1409 746 1441 et
767 1409 935 1441 armatos
963 1417 1003 1442 se
1029 1417 1119 1451 esse,
1145 1418 1299 1454 respon-

121 1469 244 1506 detur.
292 1469 400 1506 Eunt
413 1470 566 1518 agmine
581 1470 629 1506 ad
645 1471 777 1506 urbem
793 1475 833 1507 et
846 1471 975 1507 Aven-

1039 1499 1096 1524 The
1112 1499 1244 1524 secession
1268 1501 1297 1524 to
1318 1499 1347 1521 ¹3

121 1534 246 1569 tinum
271 1533 460 1580 insidunt,
489 1538 534 1570 ut
555 1534 718 1583 quisque
744 1539 971 1582 occurrerat,
1008 1530 1054 1554 ‘¹¹⁰
1090 1531 1300 1556 ‘nemim—¹¹¹⁰

1008 1567 1066 1585 arm
1112 1568 1127 1585 a
1158 1561 1222 1585 mint
1254 1564 1299 1585 ten

123 1597 268 1645 plebem
298 1597 347 1633 ad
376 1598 622 1646 repetendam
651 1598 867 1635 libertatem
899 1611 975 1635 ere·
1008 1567 1299 1652 ξᾙξ-ἰζᾞῖηῌέωᾞζῗ-

121 1659 316 1708 :indosque
345 1660 522 1696 tribunos
553 1661 675 1709 plebis
711 1661 971 1700 adhortantes.
1008 1655 1160 1683 ''mm'‘''u'

123 1724 216 1760 Alia
254 1737 329 1760 vox
367 1725 474 1761 nulla
514 1725 683 1761 violenta
720 1725 854 1762 audita
887 1730 954 1762 est,
1012 1725 1196 1762 Senatum
1235 1726 1345 1776 Sp.14

123 1787 274 1837 Oppius
313 1788 435 1826 habet.
501 1788 610 1825 Nihil
645 1789 769 1838 placet
805 1802 935 1839 aspere
965 1790 1026 1837 agi
1044 1803 1052 1834 ;
1080 1790 1221 1839 quippe
1251 1791 1300 1827 ab

126 1851 217 1901 ipsis
253 1851 386 1887 datum
424 1851 548 1888 locum
587 1853 766 1890 seditioni
805 1865 897 1891 esse.
965 1853 1185 1889 Mittuntur
1222 1858 1300 1890 tres
1320 1875 1348 1898 15

122 1916 238 1965 legati
257 1916 484 1962 consulares,
506 1916 569 1965 Sp.
591 1917 788 1966 Tau-peius,
810 1916 850 1953 O.
868 1916 1004 1961 Iulius,
1028 1916 1068 1952 P.
1092 1916 1297 1965 Sulpicius,

122 1981 188 2030 qui
222 1986 438 2029 quaererent
465 1986 624 2017 senatus
653 1981 791 2027 verbis,
821 1981 930 2017 cuius
953 1981 1057 2017 iussu
1082 1985 1207 2017 eastm
1237 1981 1297 2017 de-

121 2045 332 2082 seruissent
350 2049 420 2080 aut
438 2045 530 2093 quid
550 2046 623 2081 sibi
640 2045 795 2091 velient,
812 2045 879 2094 qui
894 2045 1035 2081 armati
1055 2045 1298 2082 Aventinum

122 2107 371 2155 obsedissent,
394 2108 569 2157 belloque
587 2122 722 2145 averso
741 2109 789 2145 ab
813 2109 988 2145 hostibus
1007 2109 1173 2158 patriam
1191 2122 1299 2146 suam

122 2171 323 2220 cepissent.
383 2171 473 2208 Non
506 2172 641 2219 defuit,
675 2172 778 2221 quod
808 2173 1130 2222 responderem&
1157 2173 1298 2217 deemt,
1318 2189 1349 2213 1⁶

123 2236 191 2287 qui
223 2237 333 2273 daret
364 2250 598 2286 responsum,
628 2239 827 2276 nullodum
857 2243 962 2275 certo
986 2239 1082 2276 duce
1110 2251 1177 2275 nec·
1206 2238 1300 2275 satis
