1438 2466
134 142 240 169 AJJH.
263 129 356 182 508]
592 130 760 167 LIBER
797 130 858 166 ΙΙ.
1272 131 1317 167 13

135 240 236 265 mam
268 228 430 278 periculi
466 228 672 278 procellam
709 232 749 264 et
784 227 887 276 quod
926 227 1315 264 tumultuosissimum

135 303 272 341 pugnae
305 295 398 338 erat,
427 303 635 341 parumper
661 291 875 338 sustinuit;
911 290 1048 327 deinde
1077 303 1140 327 eos
1168 303 1319 340 quoque

134 356 248 407 ipsos,
287 356 428 406 exigua
456 359 566 405 parte
598 355 729 404 pontis
761 355 906 401 relicta,
940 354 1220 399 revocantibus,
1252 355 1319 404 qui

135 419 414 466 rescindebant,
444 418 577 456 cedere
604 418 648 455 in
676 423 692 455 t
770 431 806 454 m
845 418 978 455 coeoit.
1037 418 1320 455 circumferens
1338 431 1352 453 8

135 485 226 522 inde
252 489 381 522 truces
410 484 614 521 minaciter
640 484 770 521 oculos
797 484 846 520 ad
875 497 1047 534 proceres
1066 484 1318 521 Etruscorum

137 562 240 586 nunc
265 549 436 598 singulos
460 560 678 597 provocare,
706 561 809 584 nunc
834 548 1033 597 increpare
1058 560 1213 584 omnes:
1242 560 1318 583 ser-

138 615 235 651 vitia
271 626 401 663 regum
441 613 705 663 superborum,
744 625 821 648 suae
854 612 1046 648 libertatis
1079 612 1321 648 immemores

104 718 108 722 ,
135 679 300 716 alienam
337 682 604 727 oppugnatum
642 677 784 714 venire.
861 677 1044 714 cunctati
1080 677 1319 727 aliquamdiu
1339 693 1354 717 9

135 747 240 788 sunt,
267 742 359 778 dum
383 742 484 778 alius
508 741 640 787 alium,
661 746 707 777 ut
732 741 909 790 proelium
934 742 1135 791 incipiant,
1164 742 1321 778 circum-

135 810 313 855 spectant
325 819 336 852 ;
377 805 1062 859 annmmnlit-anifflm
1087 810 1126 841 et
1156 804 1320 841 clamore

135 870 288 906 sublato
325 870 497 919 undique
535 870 575 906 in
620 882 742 906 unum
789 869 938 906 hostem
975 871 1053 907 tela
1096 871 1316 907 coniiciunt.

136 934 229 979 Quae
258 947 377 984 quum
406 935 447 970 in
476 934 624 971 obiecto
652 939 793 971 cuncta
819 939 928 971 scuto
956 935 1166 982 haesissent,
1197 949 1321 985 neque
1342 956 1372 971 ιο

136 998 201 1034 ille
226 998 354 1034 minus
379 998 597 1034 obstinatus
622 998 772 1047 ingenti
798 1004 953 1048 pontem
974 1000 1168 1037 obtineret
1186 1001 1320 1052 gradu?

135 1062 211 1098 iam
237 1062 385 1110 impetu
410 1063 651 1098 conabantur
674 1063 880 1099 detrudere
900 1064 1039 1111 virum,
1060 1077 1179 1113 quum
1206 1066 1318 1101 simul

135 1128 264 1177 fingor
287 1127 394 1176 rupti
419 1128 559 1176 pontis,
581 1128 697 1164 simul
723 1129 867 1165 clamor
892 1129 1170 1176 Romanorum,
1190 1131 1320 1167 alacri-

139 1196 220 1229 tate
252 1192 412 1241 perfecti
440 1192 565 1242 operis
593 1192 782 1239 sublatus,
807 1205 948 1242 pavore
975 1194 1105 1231 subito
1133 1195 1319 1244 impetum
1363 1178 1379 1194 ο

135 1255 333 1292 sustinuit.
391 1255 489 1292 Tum
517 1255 650 1293 Cocles
677 1257 891 1293 “Tiberine
917 1260 1058 1306 pat‹·r'’
1084 1259 1222 1308 inquit,
1247 1263 1321 1297 “te
1343 1281 1368 1296 n

135 1325 267 1357 sancte
304 1333 448 1369 precor,
490 1321 569 1358 haec
605 1334 714 1358 arma
750 1327 790 1358 et
827 1322 930 1358 hunc
963 1323 1125 1359 militem
1155 1325 1321 1373 propitio

136 1385 294 1422 flumine
322 1385 520 1434 accipias.'’
553 1385 923 1440 QEiQflTOEaWS
955 1387 999 1424 in
1027 1388 1195 1425 Tiberim
1225 1389 1319 1425 desi-

107 1449 222 1502 υ-Ι-ι-ιὲρ,
242 1449 465 1498 *multisque
498 1450 876 1498 supelincidentibus
912 1450 1000 1486 telis
1037 1451 1240 1488 incolumis
1273 1454 1318 1488 ad

135 1526 224 1550 suos
260 1513 444 1558 tranavit,
485 1526 564 1549 rcm
603 1527 719 1549 ausus
756 1514 841 1562 plus
874 1515 984 1552 famae
1014 1515 1234 1553 habituram
1271 1518 1318 1553 ad

136 1583 308 1627 posteros
344 1590 461 1626 quam
500 1578 599 1614 fidei.
664 1580 788 1614 Grata
820 1591 909 1627 erga
946 1583 1093 1615 tantam
1134 1580 1317 1617 virtutem
1343 1599 1370 1615 ιο

135 1641 274 1683 civitas
298 1641 377 1678 fuit
390 1656 399 1689 3
435 1642 997 1695 :5th
1023 1646 1102 1693 agri
1129 1650 1317 1693 quantum

136 1718 214 1742 uno
238 1705 301 1742 die
325 1706 607 1753 circumaravit,
635 1707 783 1745 datum.
852 1708 1016 1745 Privata
1040 1723 1191 1759 quoque
1216 1711 1319 1747 inter
1339 1731 1368 1753 η

136 1770 306 1820 publicos
336 1765 500 1807 Honores
532 1771 663 1808 studia
692 1772 941 1819 eminebant;
984 1787 1071 1810 nam
1110 1775 1148 1810 in
1181 1788 1318 1824 magmt

137 1836 267 1885 inopia
303 1849 373 1885 pro
405 1836 623 1873 domesticis
651 1838 769 1886 copiis
801 1839 1066 1888 unusquisque
1094 1839 1128 1875 ei
1158 1840 1316 1889 aliquid,

135 1899 318 1936 fraudans
337 1913 375 1936 se
394 1899 475 1949 ipse
495 1901 599 1937 victu
619 1914 699 1948 suo,
721 1902 898 1938 contulit.

216 1963 407 2000 Porsinna
435 1965 559 2013 primo
587 1970 727 2002 conatu
755 1967 944 2016 repulsus»,
973 1967 1142 2004 consiliis
1179 1969 1227 2004 ab
1255 1982 1317 2019 op·
1337 1971 1382 2007 11

137 2027 344 2076 pugnanda
379 2029 475 2065 urbe
510 2029 558 2066 ad
596 2029 843 2067 obsidendam
882 2031 1013 2076 versis,
1064 2032 1240 2080 praesidio
1276 2034 1314 2070 in

135 2091 311 2128 Ianiculo
335 2092 471 2139 locato,
498 2093 580 2142 ipse
604 2094 645 2130 in
670 2094 784 2143 plano
811 2095 980 2144 ripisque
1011 2095 1161 2132 Tiberis
1190 2103 1317 2134 castra

135 2156 274 2204 posuit,
308 2157 473 2194 navibus
503 2158 674 2208 undique
703 2159 834 2195 accitis
864 2163 904 2195 et
933 2159 980 2195 ad
1014 2159 1239 2207 custodiam,
1271 2175 1317 2199 uc
1336 2184 1349 2199 2

135 2219 226 2268 quid
263 2220 423 2257 Romam
459 2221 644 2258 frumenti
679 2223 840 2259 subvehi
878 2223 1032 2267 sineret,
1072 2227 1111 2259 et
1147 2229 1191 2259 ut
1229 2238 1316 2273 pra*-
