1438 2466
133 125 183 161 52
650 126 796 163 LIVII
950 125 1079 177 [Ano.
1106 129 1308 175 268-272

137 223 292 261 Oaesone
313 224 433 261 Fabio
453 228 492 260 et
511 225 554 262 L.
572 224 734 262 Valerio
748 225 850 262 diem
864 225 1007 261 dictam
1019 225 1310 274 perduellionis,

137 289 441 337 damnatumque
477 289 612 337 populi
642 289 797 336 iudicio,
832 290 983 326 dirutas
1015 289 1169 338 publice
1201 289 1310 326 aedes.

89 371 120 387 ιε
138 353 197 389 Ea
216 357 274 389 est
293 365 382 389 area
399 357 492 389 ante
511 353 676 390 Telluris
699 354 827 391 aedem.
886 354 1081 400 Ceterum,
1102 353 1184 390 sive
1212 353 1311 390 illud

138 416 390 453 domesticum
428 417 511 453 sive
540 417 737 466 publicum
768 418 846 454 fuit
877 418 1078 464 iudicium,
1108 418 1315 454 damnatur

139 481 274 518 Servio
294 481 482 528 Cornelio,
506 481 549 526 Q.
575 482 694 519 Fabio
710 483 941 521 consulibus

70 546 120 583 42
221 545 342 582 Haud
371 545 556 582 diuturna
583 546 642 583 ira
666 547 800 596 populi
819 548 857 583 in
881 547 1056 584 Cassium
1076 546 1164 582 fuit.
1222 546 1316 582 Dul-

142 647 224 672 Wars
251 647 312 671 with
341 646 401 671 Vei*
430 611 522 647 cedo
558 613 716 660 agrariae
747 612 842 661 legis
874 613 959 661 ipsa
987 625 1055 661 per
1082 624 1133 658 se,
1160 610 1317 660 dempto

142 678 404 733 fsstr‘gsseassdffiffinfg}
429 681 595 721 auctore,
630 677 785 714 subibat
822 678 980 724 animos,
1011 688 1243 724 accensaque
1273 688 1318 711 ea

144 739 235 794 vois&
274 740 327 763 and
358 739 403 782 AE]
432 739 624 788 cupiditas
660 745 719 776 est
755 741 998 776 maliouitate
1035 744 1203 789 patrum,
1237 738 1316 788 qui,

143 777 197 800 qm.
214 784 218 792 ι
233 771 350 799 truggles
361 770 393 794 be
849 771 871 789 ο

144 799 402 855 ᾕξξξοίζὲξῧζῦζῗῇ
430 805 593 842 devictis
613 819 656 842 eo
675 819 776 842 anno
797 805 950 842 Volscis
970 805 1199 854 AEquisque,
1218 803 1318 840 mili-

113 862 401 912 ²theAg1-arian1aw.
431 873 510 906 tem
548 871 678 919 praeda
706 870 944 907 fraudavere.
1003 869 1195 918 Quicquid
1231 881 1317 917 cap-

147 937 230 970 tum
257 947 305 970 ex
330 934 506 971 hostibus
532 938 600 980 est,
627 934 804 971 vendidit
824 934 968 971 Fabius
995 934 1127 970 consul
1155 946 1198 969 ac
1217 933 1321 968 rede-

152 999 212 1049 git
230 999 272 1035 in
292 999 498 1047 publicum.

226 1063 403 1100 Invisum
430 1068 514 1100 erat
542 1064 708 1100 Fabium
734 1077 875 1101 nomon
895 1064 998 1113 plebi
1018 1067 1175 1112 propter
1193 1062 1319 1099 novis-

149 1128 289 1164 simum
327 1127 547 1174 consulem3
594 1132 754 1165 tenuere
791 1132 924 1165 tamen
965 1132 1105 1177 patres,
1144 1131 1190 1163 ut
1235 1139 1321 1163 cum

117 1212 130 1234 3
151 1192 193 1229 L.
215 1191 379 1228 AEmilio
399 1191 505 1228 Oaeso
532 1192 675 1229 Fabius
702 1193 835 1230 consul
864 1196 1067 1229 crearetur.
1126 1192 1184 1228 Eo
1211 1191 1323 1227 infes-

150 1256 227 1292 tior
245 1256 347 1292 facta
366 1256 495 1304 plebes
515 1256 704 1293 seditione
725 1257 935 1293 domestica
955 1257 1099 1293 bellum
1119 1261 1323 1292 externum

151 1320 305 1357 excivit.
363 1320 474 1357 Bello
511 1321 651 1358 deinde
679 1322 812 1358 civiles
841 1322 1040 1358 discordiae
1068 1320 1298 1362 intermissae
1313 1332 1324 1366 3

151 1397 230 1421 uno
267 1385 396 1421 animo
433 1389 563 1434 patres
599 1399 642 1422 ae
679 1386 786 1435 plebs
819 1386 1051 1423 rebellantes
1087 1386 1251 1422 Volscos
1288 1388 1327 1421 et

119 1463 133 1485 4
153 1449 304 1498 AEquos
335 1450 431 1486 duee
463 1450 628 1487 AEmilio
661 1464 845 1500 prospera
873 1464 1004 1500 pugna
1038 1451 1174 1488 vicere.
1232 1450 1328 1487 Plus

152 1519 284 1551 tamen
306 1514 478 1551 hostium
496 1515 588 1564 fuga
617 1528 733 1565 quam
760 1516 937 1566 proelium
966 1515 1208 1564 absumpsit3
1235 1515 1328 1552 adeo

154 1620 301 1651 Templeof
311 1620 412 1645 Castor.
441 1580 692 1628 pertinaciter
719 1581 825 1617 susos
853 1580 1019 1617 insecuti
1048 1584 1141 1616 sunt
1166 1579 1325 1629 equites.

124 1658 137 1681 5
443 1644 614 1681 Castoris
632 1645 732 1682 aedes
752 1646 884 1682 eodeni
904 1659 1005 1682 anno
1025 1646 1153 1682 idibus
1175 1644 1329 1689 Quinti-

155 1707 257 1744 libus
276 1707 452 1745 dedicata
473 1714 554 1756 est3
582 1715 673 1747 vot-a
692 1716 774 1747 erat
795 1711 935 1747 Latino
956 1711 1056 1747 bello
1082 1724 1104 1746 a
1129 1710 1329 1747 Postumio

156 1772 372 1820 dictatore3
402 1773 505 1810 filius
534 1774 626 1820 eius,
658 1775 842 1811 duumvir
869 1775 917 1811 ad
945 1775 985 1811 id
1013 1774 1141 1824 ipsum
1169 1778 1328 1820 creatus,

125 1848 140 1872 6
157 1836 361 1874 dedicavit.
420 1838 626 1875 Sollicitati
647 1844 685 1875 et
704 1852 748 1876 eo
768 1852 869 1876 anno
889 1844 981 1876 sunt
1000 1839 1200 1875 dulcedine
1227 1851 1331 1887 agra-

158 1903 224 1938 riae
261 1902 356 1951 legis
394 1903 515 1939 animi
559 1904 691 1952 plebis
749 1905 914 1941 Tribuni
961 1904 1064 1954 plebi
1109 1903 1331 1953 popularem

160 1970 391 2015 potestatem
423 1967 505 2016 lege
540 1968 719 2017 populari
749 1969 996 2005 celebrabant
1012 1983 1022 2017 ;
1060 1973 1199 2018 patres,
1238 1968 1332 2005 satis

160 2043 349 2079 superque
361 2031 524 2080 gratuiti
540 2032 680 2069 furoris
696 2033 736 2068 in
756 2033 1009 2070 multitudine
1026 2033 1224 2070 credentes
1239 2045 1331 2079 esse,

161 2096 384 2145 largitiones
443 2098 749 2147 temeritatisque
802 2099 1060 2135 invitamenta
1113 2098 1330 2135 horrebant.

161 2162 356 2198 Acerrimi
386 2162 561 2211 patribus
606 2162 720 2199 duces
767 2163 815 2199 ad
858 2163 1114 2200 resistendum
1160 2162 1335 2200 consules

130 2246 143 2269 7
162 2227 280 2264 fuere.
327 2227 383 2264 Ea
402 2228 522 2277 igitur
542 2241 629 2277 pars
650 2229 703 2265 rei
724 2228 887 2278 publicae
907 2229 1012 2275 vicit,
1029 2228 1152 2265 necin
1169 2240 1334 2277 praescns
