1438 2466
129 136 177 174 68
647 136 797 175 LIVII
942 135 1073 188 [A.U.C.
1100 139 1302 186 279—281

134 233 263 270 Volsci
303 233 501 282 AEquique
538 234 580 269 in
617 233 759 270 Latino
797 247 888 283 agro
925 239 1136 283 posuerant
1182 239 1308 271 castra

129 299 382 347 populatique
420 299 515 334 fines
552 303 673 334 erant.
751 299 828 336 Eos
863 312 933 348 per
969 312 1009 336 se
1046 300 1120 348 ipsi
1162 299 1306 344 Latini,

129 365 337 412 assumptis
358 364 555 410 Hernicis,
575 364 656 400 sine
677 364 853 401 Romano
872 369 942 402 aut
960 366 1057 401 duce
1076 370 1144 401 aut
1163 364 1310 401 auxilio

98 451 112 474 5
131 429 266 464 castris
294 432 511 474 exuerunt,
547 428 698 477 ingenti
726 429 856 477 praeda
884 437 1025 478 praeter
1046 442 1135 466 suas
1154 442 1308 478 recupe-

131 497 234 529 ratas
259 505 320 528 res
344 492 461 541 potiti
485 497 590 529 sunt.
647 493 794 530 Missus
812 497 944 530 tamen
963 495 1012 530 ab
1033 495 1158 531 Roma
1177 495 1311 531 consul

132 559 173 593 in
193 557 355 593 Volscos
375 557 414 595 O.
440 557 636 603 Nautius;
664 571 757 604 mos,
779 559 902 605 credo,
924 572 1002 596 non
1021 559 1208 608 placebat,
1230 559 1312 596 sine

135 621 312 656 Romano
338 620 433 656 duce
459 623 709 671 exercituque
735 623 856 660 socios
875 624 1041 673 propriis
1059 624 1210 660 viribus
1229 637 1314 660 con-

101 697 117 721 6
135 685 308 732 siliisque
327 684 429 720 bella
447 697 588 734 gerere.
649 685 814 722 Nullum
834 699 955 735 genus
975 687 1210 724 calamitatis
1230 700 1316 724 con·

134 749 382 797 tumeliaeque
411 761 491 785 non
522 750 670 786 editum
703 751 744 786 in
779 751 941 787 Volscos
979 756 1046 797 est,
1082 765 1152 788 nec
1184 756 1315 788 tamen

136 813 297 863 perpelli
317 817 487 862 potuere,
509 818 555 849 ut
574 814 654 850 acie
674 814 914 853 dimicarent.

68 883 118 921 54
217 878 258 914 L.
292 877 435 913 Furius
464 877 554 913 inde
583 881 622 914 et
651 878 692 914 O.
719 878 894 915 Manlius
923 880 1108 916 consules.
1167 879 1318 916 Manlio

137 977 393 1002 ‘1'1-ucer0r40vcars
425 941 613 978 Veientes
641 943 841 991 provincia
878 945 1010 980 evenit
1024 958 1035 990 3
1074 957 1154 981 non
1187 949 1320 981 tamen

139 1008 392 1064 fgetssmxlfissgthffjg
425 1007 635 1054 bellatum,
665 1007 826 1044 indutiae
852 1008 893 1045 in
916 1021 1037 1045 annos
1062 1009 1320 1058 quadraginta

139 1069 391 1124 ζῖζξξῑέθῗὲὲῇξξζξζῗ
424 1071 648 1119 petentibus
680 1071 789 1119 datae,
822 1072 1018 1109 frumento
1051 1072 1320 1122 stipendioque

105 1161 120 1177 2
138 1131 398 1191 {Jgssjeffigffffllffi
428 1135 628 1185 imperato.
687 1136 780 1173 Paci
809 1140 978 1173 externae
1007 1137 1207 1173 confestim
1236 1150 1321 1174 con-

140 1194 181 1218 f⁰¹
192 1193 294 1217 awhile.
426 1202 607 1238 tinuatur
635 1201 825 1238 discordia
851 1201 963 1239 domi.
1025 1202 1201 1250 Agrariae
1227 1202 1322 1252 legis

141 1267 362 1303 tribuniciis
399 1266 569 1303 stimulis
605 1265 714 1315 plebs
750 1266 914 1302 furebat.
991 1265 1187 1313 Consules,
1222 1267 1322 1302 nihil

143 1331 319 1367 Menenii
346 1331 606 1376 damnatione,
628 1330 727 1365 nihil
757 1330 928 1378 periculo
956 1330 1134 1366 deterriti
1154 1330 1320 1377 Servilii,

141 1409 292 1432 summa
311 1396 350 1431 vi
370 1395 568 1432 resistunt.
627 1395 830 1431 Abeuntes
850 1394 1079 1443 magistratu
1102 1394 1171 1432 Cn.
1196 1395 1322 1431 Genu-

142 1461 224 1496 cius
243 1460 426 1496 tribunus
444 1459 567 1509 plebis
586 1459 762 1508 arripuit.

111 1545 125 1567 3
223 1524 264 1560 L.
299 1523 486 1559 AEmilius
515 1527 554 1559 et
583 1523 723 1571 Opiter
751 1522 966 1571 Verginius
995 1522 1239 1558 consulatum
1268 1523 1325 1558 in-

143 1592 239 1624 eunt
253 1602 264 1635 3
295 1588 508 1637 Vopiscum
535 1588 681 1623 Iulium
710 1600 779 1636 pro
806 1587 995 1636 Verginio
1024 1587 1064 1622 in
1093 1587 1325 1635 quibusdam

144 1652 350 1688 annalibus
377 1652 571 1688 consulem
601 1651 769 1687 invenio.
829 1651 917 1687 Hoc
939 1664 1053 1698 anuo,
1076 1663 1326 1700 quoscunque

144 1716 322 1753 consules
350 1716 499 1761 habuit,
530 1716 663 1764 {fii-*2251
692 1715 880 1765 populun]
912 1715 1056 1751 Furius
1083 1719 1123 1751 et
1151 1715 1326 1751 Manlius

144 1782 385 1817 circumeunt
404 1780 591 1817 sordidati
611 1793 688 1816 non
708 1780 859 1829 plebem
879 1779 1002 1828 magis
1021 1792 1135 1828 quani
1158 1779 1326 1816 iuniores

111 1865 126 1888 4
145 1849 311 1894 patrum.
371 1844 556 1890 Suadent,
578 1849 748 1890 monent,
770 1844 982 1880 honoribus
1010 1848 1049 1879 et
1078 1843 1323 1880 administra-

146 1909 251 1945 tione
276 1909 331 1944 rei
360 1908 524 1957 publicae
552 1908 800 1953 abstineant3
829 1907 1048 1943 consulares
1079 1920 1167 1943 vero
1194 1906 1324 1953 fasces,

147 1978 377 2023 praetextam
401 1974 650 2022 curulemque
679 1973 811 2010 sellam
839 1973 936 2010 nihil
962 1973 1068 2009 aliud
1089 1985 1204 2022 quam
1224 1985 1327 2021 pom-

148 2052 234 2089 pam
268 2039 415 2075 funeris
448 2042 610 2087 putent,
653 2038 766 2074 claris
798 2038 1017 2086 insignibus
1054 2037 1164 2073 velut
1192 2036 1328 2072 infulis

114 2122 128 2146 5
148 2103 293 2140 velatos
329 2102 377 2138 acl
415 2106 578 2138 mortem
616 2102 814 2138 destinari.
885 2102 998 2146 Quod
1036 2101 1069 2137 si
1104 2101 1329 2137 consulatus

147 2171 258 2203 tanta
287 2167 448 2203 dulcedo
477 2167 538 2212 sit,
561 2167 637 2202 iam
668 2179 771 2203 nunc
791 2166 848 2202 ita
867 2167 909 2202 in
932 2166 1105 2202 animum
1127 2165 1327 2210 inducant,

147 2232 389 2268 consulatum
414 2236 569 2280 captum
594 2237 633 2267 et
658 2244 882 2280 oppressum
907 2231 955 2266 ab
975 2230 1187 2266 tribunicia
1206 2234 1329 2278 potes-
