1438 2466
137 122 184 158 96
658 122 804 160 LIVII
1084 122 1216 174 [auc.
1242 138 1314 173 293

104 235 120 260 9
136 219 278 266 liceret,
302 221 442 257 victam
469 221 592 269 legem
619 233 709 258 esse.
767 221 877 269 Tum,
898 235 1017 270 prope
1036 222 1113 258 iam
1134 222 1318 271 perculsis

137 284 223 320 aliis
250 285 430 330 tribunis,
453 285 502 321 A.
524 285 747 333 Verginius,
775 299 823 322 ex
851 286 1009 335 collegio
1038 298 1149 331 unus,
1171 286 1319 323 Caesoni

139 348 276 396 capitis
305 349 408 385 diem
441 348 545 387 dicit.
603 350 735 386 Atrox
772 350 973 399 ingenium
1010 349 1239 386 accenderat
1275 362 1319 386 eo

140 411 243 448 facto
281 413 402 461 magis
439 425 555 461 quam
592 418 858 450 conterruerat
871 428 881 462 3
922 427 966 450 eo
1005 414 1130 450 acrius
1167 413 1321 450 obstare

140 475 225 523 legi,
264 476 411 525 agitare
449 476 612 524 plebem,
650 478 827 514 tribunos
865 477 974 514 velut
1010 477 1114 514 iusto
1143 475 1321 526 persequi

94 554 125 570 ιο
140 539 248 576 bello.
290 540 503 577 Accusator
522 541 605 589 pati
623 553 730 577 reum
752 554 862 578 ruere
876 541 1109 590 invidiaeque
1128 541 1320 577 flammam

140 617 183 640 ac
203 604 404 641 materiam
420 604 647 642 criminibus
667 605 747 642 suis
766 618 968 654 suggerere
984 619 994 652 3
1023 605 1145 654 legem
1165 605 1322 641 interim

140 679 220 703 non
247 671 328 703 tam
361 667 409 703 ad
438 680 544 716 spem
574 668 792 717 perferendi
825 682 940 718 quam
978 669 1027 705 ad
1064 669 1322 706 lacessendam

95 744 120 759 ιι
142 729 309 767 Caesonis
331 731 589 768 temeritatem
611 732 720 769 ferre.
780 732 844 768 Ibi
866 733 989 769 multa
1008 745 1107 782 saepe
1125 733 1174 769 ab
1192 733 1324 769 iuven-

141 800 228 833 tute
255 797 473 834 inconsulte
502 797 605 834 dicta
634 797 813 846 factaque
838 798 880 833 in
908 798 1025 834 unius
1054 797 1221 835 Caesonis
1243 810 1322 834 sus-

140 866 297 911 pectum
322 862 501 899 incidunt
528 862 737 912 ingenium.
795 862 940 899 Tamen
965 863 1041 912 legi
1060 863 1322 900 resistebatur.

97 940 125 956 12
142 926 196 962 Et
223 926 274 964 A.
311 926 524 975 Verginius
551 926 765 963 identidem
794 926 919 975 plebi:
960 927 1145 975 “Ecquid
1174 926 1326 963 sentitis

142 991 231 1037 iam,
261 1004 340 1038 vos,
372 991 555 1037 QuiriceS‚
589 991 786 1028 Caesonem
818 991 934 1028 simul
966 991 1090 1027 civem
1123 995 1162 1027 et
1190 991 1324 1039 legem,

96 1071 124 1094 ¹3
143 1069 256 1104 quam
277 1056 429 1104 cupitis,
450 1056 591 1093 habere
610 1069 688 1093 non
707 1056 842 1105 posse?
888 1056 1121 1104 Quanquam
1140 1055 1234 1105 quid
1255 1069 1327 1105 ego

142 1119 265 1169 legem
301 1120 463 1169 loquor?
517 1120 710 1157 Libertati
740 1120 868 1157 obstat
883 1134 893 1167 3
931 1133 1063 1157 omnes
1097 1119 1328 1169 Tarquinios

142 1183 322 1232 superbia
350 1188 565 1233 exsuperat.
625 1184 852 1233 Expectate,
878 1183 971 1220 dum
1000 1183 1132 1220 consul
1158 1188 1226 1219 aut
1254 1183 1328 1220 dio—

144 1251 246 1284 tator
282 1248 361 1294 fiat,
400 1260 513 1296 quem
552 1247 750 1297 privatum
789 1247 939 1284 viribus
976 1251 1015 1284 et
1053 1246 1213 1283 audacia
1249 1259 1329 1295 reg-

143 1315 300 1347 nantem
339 1311 512 1348 videtis.'’
560 1311 892 1348 Assentiebantur
921 1311 1048 1357 multi,
1081 1310 1253 1360 pulsatos
1290 1323 1328 1346 se

143 1380 359 1426 querentes,
400 1381 439 1413 et
477 1377 680 1413 tribunum
718 1377 766 1414 ad
804 1390 884 1414 rem
921 1375 1178 1425 peragendam
1225 1374 1329 1411 ultro

144 1441 373 1478 incitabant.

79 1510 126 1546 12
224 1505 310 1541 Iam
362 1505 496 1541 aderat
546 1505 689 1542 iudicio
737 1505 819 1542 dies
865 1504 1163 1553 apparebatque,
1212 1502 1329 1552 vulgo

144 1569 319 1606 homines
347 1569 389 1605 in
422 1569 673 1606 damnatione
707 1569 878 1606 Caesonis
906 1569 1129 1605 libertatem
1157 1568 1220 1618 agi
1249 1583 1327 1607 cre—

144 1633 244 1671 dere.
302 1633 402 1670 Tum
433 1634 588 1670 denium
619 1638 773 1670 coactus
803 1647 889 1670 cum
928 1634 1052 1670 multa
1089 1633 1329 1683 indignitate

145 1698 353 1747 prensabat
390 1698 572 1747 singulos.
660 1698 932 1747 Sequebantur
969 1697 1184 1745 necessarii,
1226 1698 1329 1747 prin-

116 1762 246 1811 2cipes
291 1763 473 1799 civitatis.
545 1763 586 1799 T.
628 1763 835 1807 Quinctius
873 1762 1126 1811 Capitolinus,
1166 1763 1233 1811 qui
1270 1766 1330 1799 ter

145 1827 277 1864 consul
315 1826 454 1874 fuerat,
494 1840 613 1876 quum
651 1827 776 1864 multa
808 1827 970 1863 referret
997 1839 1066 1863 sua
1096 1826 1330 1875 familiaeque

114 1910 128 1933 ³
146 1893 292 1939 decora,
313 1893 540 1939 affirmabat,
562 1906 687 1942 neque
716 1894 758 1930 in
787 1893 973 1938 Quinctia
1000 1897 1116 1943 gente
1144 1906 1268 1942 neque
1287 1893 1329 1929 in

143 1958 304 1995 civitate
324 1958 503 1995 Romana
522 1963 672 1995 tantam
693 1959 864 1996 indolem
884 1964 964 1996 tam
986 1964 1148 1996 inaturae
1169 1958 1329 1995 virtutis

146 2036 316 2072 unquam
346 2024 541 2061 exstitisse
558 2039 568 2071 ;
597 2037 710 2061 suum
741 2024 909 2073 primum
938 2024 1102 2060 militem
1132 2023 1258 2069 fuisse,
1289 2034 1327 2058 se

112 2101 242 2137 4szepe
272 2088 429 2125 vidente
459 2101 648 2138 pugnasse
680 2089 721 2124 in
745 2089 906 2125 hostem.
965 2089 1029 2138 Sp.
1062 2088 1212 2129 Furius,
1241 2087 1328 2123 mis-

145 2165 231 2189 sum
259 2153 307 2189 ab
337 2153 522 2197 Quinctio
550 2153 772 2202 Capitolino
801 2153 875 2189 sibi
904 2166 992 2189 eum
1022 2153 1063 2189 in
1092 2152 1220 2189 dubiis
1247 2151 1328 2188 suis

146 2217 258 2254 rebus
295 2217 444 2254 venisse
481 2218 675 2264 subsidio5
715 2218 909 2255 neminem
944 2230 1064 2254 unum
1099 2229 1188 2261 esse,
1218 2217 1327 2253 cuius
