<?xml version="1.0" encoding="UTF-8"?>
<!DOCTYPE html PUBLIC "-//W3C//DTD XHTML 1.0 Transitional//EN"
    "http://www.w3.org/TR/xhtml1/DTD/xhtml1-transitional.dtd">
<html xmlns="http://www.w3.org/1999/xhtml" xml:lang="en" lang="en">
 <head>
  <title>
</title>
<meta http-equiv="Content-Type" content="text/html;charset=utf-8" />
  <meta name='ocr-system' content='tesseract 3.04.00' />
  <meta name='ocr-capabilities' content='ocr_page ocr_carea ocr_par ocr_line ocrx_word'/>
</head>
<body>
  <div class='ocr_page' id='page_1' title='image "./booksiiiii00livyuoft_0098.png"; bbox 0 0 1438 2466; ppageno 0'>
   <div class='ocr_carea' id='block_1_1' title="bbox 141 117 1320 171">
    <p class='ocr_par' dir='ltr' id='par_1_1' title="bbox 141 117 1320 171">
     <span class='ocr_line' id='line_1_1' title="bbox 141 117 1320 171; baseline 0.004 -18"><span class='ocrx_word' id='word_1_1' title='bbox 141 117 189 154; x_wconf 87' lang='lat'>66</span> <span class='ocrx_word' id='word_1_2' title='bbox 659 119 811 156; x_wconf 84' lang='lat' dir='ltr'><em>LIVII</em></span> <span class='ocrx_word' id='word_1_3' title='bbox 956 118 1087 171; x_wconf 47' lang='lat' dir='ltr'>[auc.</span> <span class='ocrx_word' id='word_1_4' title='bbox 1114 131 1320 170; x_wconf 89' lang='lat'>277—279</span> 
     </span>
    </p>
   </div>
   <div class='ocr_carea' id='block_1_2' title="bbox 74 214 1333 2262">
    <p class='ocr_par' dir='ltr' id='par_1_2' title="bbox 74 214 1333 2262">
     <span class='ocr_line' id='line_1_2' title="bbox 140 214 1322 266; baseline 0.003 -16"><span class='ocrx_word' id='word_1_5' title='bbox 140 214 297 250; x_wconf 83' lang='lat' dir='ltr'>Servilii</span> <span class='ocrx_word' id='word_1_6' title='bbox 329 214 496 251; x_wconf 86' lang='lat' dir='ltr'>consulis</span> <span class='ocrx_word' id='word_1_7' title='bbox 528 215 656 251; x_wconf 82' lang='lat' dir='ltr'>adorti</span> <span class='ocrx_word' id='word_1_8' title='bbox 690 220 782 252; x_wconf 87' lang='lat' dir='ltr'>sunt</span> <span class='ocrx_word' id='word_1_9' title='bbox 813 229 1044 266; x_wconf 84' lang='lat' dir='ltr'>oppugnare.</span> <span class='ocrx_word' id='word_1_10' title='bbox 1119 217 1217 253; x_wconf 90' lang='lat' dir='ltr'>Inde</span> <span class='ocrx_word' id='word_1_11' title='bbox 1245 217 1322 254; x_wconf 87' lang='lat' dir='ltr'>fusi</span> 
     </span>
     <span class='ocr_line' id='line_1_3' title="bbox 108 279 1319 330; baseline 0.003 -16"><span class='ocrx_word' id='word_1_12' title='bbox 108 297 123 320; x_wconf 85' lang='lat'>7</span> <span class='ocrx_word' id='word_1_13' title='bbox 140 291 281 328; x_wconf 82' lang='lat' dir='ltr'>magna</span> <span class='ocrx_word' id='word_1_14' title='bbox 309 279 409 316; x_wconf 90' lang='lat' dir='ltr'>caede</span> <span class='ocrx_word' id='word_1_15' title='bbox 434 279 476 315; x_wconf 88' lang='lat' dir='ltr'>in</span> <span class='ocrx_word' id='word_1_16' title='bbox 496 279 717 316; x_wconf 83' lang='lat' dir='ltr'>Ianiculum</span> <span class='ocrx_word' id='word_1_17' title='bbox 737 293 777 317; x_wconf 88' lang='lat' dir='ltr'>se</span> <span class='ocrx_word' id='word_1_18' title='bbox 797 293 894 329; x_wconf 85' lang='lat' dir='ltr'>aegre</span> <span class='ocrx_word' id='word_1_19' title='bbox 914 293 1100 330; x_wconf 79' lang='lat' dir='ltr'>recepere.</span> <span class='ocrx_word' id='word_1_20' title='bbox 1161 281 1319 318; x_wconf 84' lang='lat' dir='ltr'>Confes-</span> 
     </span>
     <span class='ocr_line' id='line_1_4' title="bbox 141 343 1322 392; baseline 0.003 -13"><span class='ocrx_word' id='word_1_21' title='bbox 141 343 212 379; x_wconf 86' lang='lat' dir='ltr'>tim</span> <span class='ocrx_word' id='word_1_22' title='bbox 233 343 365 380; x_wconf 88' lang='lat' dir='ltr'>consul</span> <span class='ocrx_word' id='word_1_23' title='bbox 386 348 425 380; x_wconf 88' lang='lat' dir='ltr'>et</span> <span class='ocrx_word' id='word_1_24' title='bbox 445 343 525 392; x_wconf 87' lang='lat' dir='ltr'>ipse</span> <span class='ocrx_word' id='word_1_25' title='bbox 546 344 687 381; x_wconf 81' lang='lat' dir='ltr'>transit</span> <span class='ocrx_word' id='word_1_26' title='bbox 707 344 889 392; x_wconf 83' lang='lat' dir='ltr'>Tiberim,</span> <span class='ocrx_word' id='word_1_27' title='bbox 911 350 1036 382; x_wconf 77' lang='lat' dir='ltr'>castra</span> <span class='ocrx_word' id='word_1_28' title='bbox 1055 346 1127 382; x_wconf 88' lang='lat' dir='ltr'>sub</span> <span class='ocrx_word' id='word_1_29' title='bbox 1146 346 1322 383; x_wconf 81' lang='lat' dir='ltr'>Ianiculo</span> 
     </span>
     <span class='ocr_line' id='line_1_5' title="bbox 140 409 1324 449; baseline 0.004 -5"><span class='ocrx_word' id='word_1_30' title='bbox 140 409 363 446; x_wconf 84' lang='lat' dir='ltr'>communit.</span> <span class='ocrx_word' id='word_1_31' title='bbox 414 409 575 446; x_wconf 87' lang='lat' dir='ltr'>Postero</span> <span class='ocrx_word' id='word_1_32' title='bbox 594 410 656 446; x_wconf 90' lang='lat' dir='ltr'>die</span> <span class='ocrx_word' id='word_1_33' title='bbox 675 410 761 447; x_wconf 89' lang='lat' dir='ltr'>luce</span> <span class='ocrx_word' id='word_1_34' title='bbox 781 415 866 448; x_wconf 83' lang='lat' dir='ltr'>orta</span> <span class='ocrx_word' id='word_1_35' title='bbox 884 412 1064 448; x_wconf 90' lang='lat' dir='ltr'>nonnihil</span> <span class='ocrx_word' id='word_1_36' title='bbox 1084 416 1124 448; x_wconf 90' lang='lat' dir='ltr'>et</span> <span class='ocrx_word' id='word_1_37' title='bbox 1142 412 1324 449; x_wconf 84' lang='lat' dir='ltr'>hesterna</span> 
     </span>
     <span class='ocr_line' id='line_1_6' title="bbox 140 473 1324 525; baseline 0.003 -16"><span class='ocrx_word' id='word_1_38' title='bbox 140 473 327 510; x_wconf 79' lang='lat' dir='ltr'>felicitate</span> <span class='ocrx_word' id='word_1_39' title='bbox 365 485 503 521; x_wconf 71' lang='lat' dir='ltr'>pugnae</span> <span class='ocrx_word' id='word_1_40' title='bbox 541 473 660 520; x_wconf 82' lang='lat' dir='ltr'>ferox,</span> <span class='ocrx_word' id='word_1_41' title='bbox 700 475 823 523; x_wconf 85' lang='lat' dir='ltr'>magis</span> <span class='ocrx_word' id='word_1_42' title='bbox 869 479 1001 512; x_wconf 84' lang='lat' dir='ltr'>tamen</span> <span class='ocrx_word' id='word_1_43' title='bbox 1048 476 1152 525; x_wconf 89' lang='lat' dir='ltr'>quod</span> <span class='ocrx_word' id='word_1_44' title='bbox 1190 476 1324 524; x_wconf 86' lang='lat' dir='ltr'>inopia</span> 
     </span>
     <span class='ocr_line' id='line_1_7' title="bbox 141 538 1321 588; baseline 0.003 -14"><span class='ocrx_word' id='word_1_45' title='bbox 141 538 329 574; x_wconf 74' lang='lat' dir='ltr'>frumenti</span> <span class='ocrx_word' id='word_1_46' title='bbox 348 539 528 587; x_wconf 87' lang='lat' dir='ltr'>quamvis</span> <span class='ocrx_word' id='word_1_47' title='bbox 548 538 590 574; x_wconf 90' lang='lat' dir='ltr'>in</span> <span class='ocrx_word' id='word_1_48' title='bbox 610 539 836 588; x_wconf 60' lang='lat' dir='ltr'>praecipitia,</span> <span class='ocrx_word' id='word_1_49' title='bbox 859 540 953 576; x_wconf 86' lang='lat' dir='ltr'>dum</span> <span class='ocrx_word' id='word_1_50' title='bbox 973 540 1158 577; x_wconf 81' lang='lat' dir='ltr'>celeriora</span> <span class='ocrx_word' id='word_1_51' title='bbox 1183 544 1321 586; x_wconf 85' lang='lat' dir='ltr'>essent,</span> 
     </span>
     <span class='ocr_line' id='line_1_8' title="bbox 107 602 1325 651; baseline 0.003 -14"><span class='ocrx_word' id='word_1_52' title='bbox 107 612 123 637; x_wconf 81' lang='lat'>8</span> <span class='ocrx_word' id='word_1_53' title='bbox 141 602 278 651; x_wconf 85' lang='lat' dir='ltr'>agebat</span> <span class='ocrx_word' id='word_1_54' title='bbox 309 602 479 648; x_wconf 90' lang='lat' dir='ltr'>consilia,</span> <span class='ocrx_word' id='word_1_55' title='bbox 518 607 662 640; x_wconf 88' lang='lat' dir='ltr'>temere</span> <span class='ocrx_word' id='word_1_56' title='bbox 699 603 860 640; x_wconf 85' lang='lat' dir='ltr'>adverso</span> <span class='ocrx_word' id='word_1_57' title='bbox 899 604 1077 641; x_wconf 89' lang='lat' dir='ltr'>Ianiculo</span> <span class='ocrx_word' id='word_1_58' title='bbox 1113 605 1163 641; x_wconf 88' lang='lat' dir='ltr'>ad</span> <span class='ocrx_word' id='word_1_59' title='bbox 1200 608 1325 641; x_wconf 85' lang='lat' dir='ltr'>castra</span> 
     </span>
     <span class='ocr_line' id='line_1_9' title="bbox 140 666 1324 718; baseline 0.003 -16"><span class='ocrx_word' id='word_1_60' title='bbox 140 666 312 703; x_wconf 90' lang='lat' dir='ltr'>hostium</span> <span class='ocrx_word' id='word_1_61' title='bbox 344 666 465 703; x_wconf 81' lang='lat' dir='ltr'>aciem</span> <span class='ocrx_word' id='word_1_62' title='bbox 495 667 631 713; x_wconf 82' lang='lat' dir='ltr'>erexit,</span> <span class='ocrx_word' id='word_1_63' title='bbox 667 666 884 716; x_wconf 84' lang='lat' dir='ltr'>foediusque</span> <span class='ocrx_word' id='word_1_64' title='bbox 913 668 1003 704; x_wconf 86' lang='lat' dir='ltr'>inde</span> <span class='ocrx_word' id='word_1_65' title='bbox 1031 668 1177 717; x_wconf 87' lang='lat' dir='ltr'>pulsus,</span> <span class='ocrx_word' id='word_1_66' title='bbox 1208 681 1324 718; x_wconf 89' lang='lat' dir='ltr'>quam</span> 
     </span>
     <span class='ocr_line' id='line_1_10' title="bbox 140 730 1326 782; baseline 0.003 -16"><span class='ocrx_word' id='word_1_67' title='bbox 140 730 265 780; x_wconf 84' lang='lat' dir='ltr'>pridie</span> <span class='ocrx_word' id='word_1_68' title='bbox 285 730 498 778; x_wconf 72' lang='lat' dir='ltr'>pepulerat,</span> <span class='ocrx_word' id='word_1_69' title='bbox 519 730 746 767; x_wconf 86' lang='lat' dir='ltr'>interventu</span> <span class='ocrx_word' id='word_1_70' title='bbox 773 731 925 780; x_wconf 85' lang='lat' dir='ltr'>collegae</span> <span class='ocrx_word' id='word_1_71' title='bbox 947 731 1028 781; x_wconf 86' lang='lat' dir='ltr'>ipse</span> <span class='ocrx_word' id='word_1_72' title='bbox 1054 732 1326 782; x_wconf 87' lang='lat' dir='ltr'>exercitusque</span> 
     </span>
     <span class='ocr_line' id='line_1_11' title="bbox 106 796 1326 845; baseline -0.001 -11"><span class='ocrx_word' id='word_1_73' title='bbox 106 814 123 838; x_wconf 90' lang='lat'>9</span> <span class='ocrx_word' id='word_1_74' title='bbox 141 801 200 834; x_wconf 87' lang='lat' dir='ltr'>est</span> <span class='ocrx_word' id='word_1_75' title='bbox 236 799 419 833; x_wconf 85' lang='lat' dir='ltr'>servatus.</span> <span class='ocrx_word' id='word_1_76' title='bbox 498 796 610 832; x_wconf 89' lang='lat' dir='ltr'>Inter</span> <span class='ocrx_word' id='word_1_77' title='bbox 647 796 742 833; x_wconf 85' lang='lat' dir='ltr'>duas</span> <span class='ocrx_word' id='word_1_78' title='bbox 779 797 880 832; x_wconf 86' lang='lat' dir='ltr'>acies</span> <span class='ocrx_word' id='word_1_79' title='bbox 917 796 1084 842; x_wconf 83' lang='lat' dir='ltr'>Etrusci,</span> <span class='ocrx_word' id='word_1_80' title='bbox 1125 810 1244 845; x_wconf 87' lang='lat' dir='ltr'>quum</span> <span class='ocrx_word' id='word_1_81' title='bbox 1283 797 1326 833; x_wconf 90' lang='lat' dir='ltr'>in</span> 
     </span>
     <span class='ocr_line' id='line_1_12' title="bbox 141 862 1323 911; baseline 0.003 -12"><span class='ocrx_word' id='word_1_82' title='bbox 141 863 265 899; x_wconf 88' lang='lat' dir='ltr'>vicem</span> <span class='ocrx_word' id='word_1_83' title='bbox 295 862 356 899; x_wconf 88' lang='lat' dir='ltr'>his</span> <span class='ocrx_word' id='word_1_84' title='bbox 387 867 504 911; x_wconf 86' lang='lat' dir='ltr'>atque</span> <span class='ocrx_word' id='word_1_85' title='bbox 537 863 615 899; x_wconf 88' lang='lat' dir='ltr'>illis</span> <span class='ocrx_word' id='word_1_86' title='bbox 646 866 754 911; x_wconf 82' lang='lat' dir='ltr'>terga</span> <span class='ocrx_word' id='word_1_87' title='bbox 786 863 936 909; x_wconf 79' lang='lat' dir='ltr'>darent,</span> <span class='ocrx_word' id='word_1_88' title='bbox 972 864 1168 901; x_wconf 83' lang='lat' dir='ltr'>occidione</span> <span class='ocrx_word' id='word_1_89' title='bbox 1197 865 1323 902; x_wconf 87' lang='lat' dir='ltr'>occisi.</span> 
     </span>
     <span class='ocr_line' id='line_1_13' title="bbox 142 926 1158 975; baseline 0.001 -12"><span class='ocrx_word' id='word_1_90' title='bbox 142 927 207 963; x_wconf 87' lang='lat' dir='ltr'>Ita</span> <span class='ocrx_word' id='word_1_91' title='bbox 226 939 450 975; x_wconf 87' lang='lat' dir='ltr'>oppressum</span> <span class='ocrx_word' id='word_1_92' title='bbox 470 926 692 963; x_wconf 73' lang='lat' dir='ltr'>temeritate</span> <span class='ocrx_word' id='word_1_93' title='bbox 711 926 815 963; x_wconf 90' lang='lat' dir='ltr'>felici</span> <span class='ocrx_word' id='word_1_94' title='bbox 835 926 982 963; x_wconf 87' lang='lat' dir='ltr'>Veiens</span> <span class='ocrx_word' id='word_1_95' title='bbox 1002 927 1158 964; x_wconf 89' lang='lat' dir='ltr'>bellum.</span> 
     </span>
     <span class='ocr_line' id='line_1_14' title="bbox 74 990 1327 1039; baseline 0.002 -12"><span class='ocrx_word' id='word_1_96' title='bbox 74 998 121 1035; x_wconf 88' lang='lat'>52</span> <span class='ocrx_word' id='word_1_97' title='bbox 221 990 328 1028; x_wconf 83' lang='lat' dir='ltr'>Urbi</span> <span class='ocrx_word' id='word_1_98' title='bbox 366 1003 453 1027; x_wconf 90' lang='lat' dir='ltr'>cum</span> <span class='ocrx_word' id='word_1_99' title='bbox 492 1003 584 1039; x_wconf 86' lang='lat' dir='ltr'>pace</span> <span class='ocrx_word' id='word_1_100' title='bbox 622 991 746 1027; x_wconf 79' lang='lat' dir='ltr'>laxior</span> <span class='ocrx_word' id='word_1_101' title='bbox 784 991 902 1027; x_wconf 85' lang='lat' dir='ltr'>etiam</span> <span class='ocrx_word' id='word_1_102' title='bbox 941 1004 1095 1027; x_wconf 87' lang='lat' dir='ltr'>annona</span> <span class='ocrx_word' id='word_1_103' title='bbox 1126 992 1254 1035; x_wconf 88' lang='lat' dir='ltr'>rediit,</span> <span class='ocrx_word' id='word_1_104' title='bbox 1287 996 1327 1029; x_wconf 89' lang='lat' dir='ltr'>et</span> 
     </span>
     <span class='ocr_line' id='line_1_15' title="bbox 174 1054 1325 1108; baseline 0.001 -17"><span class='ocrx_word' id='word_1_105' title='bbox 174 1084 349 1108; x_wconf 77' lang='lat' dir='ltr'>Prosecution</span> <span class='ocrx_word' id='word_1_106' title='bbox 372 1084 400 1107; x_wconf 70' lang='lat' dir='ltr'>of</span> <span class='ocrx_word' id='word_1_107' title='bbox 430 1055 591 1091; x_wconf 85' lang='lat' dir='ltr'>advecto</span> <span class='ocrx_word' id='word_1_108' title='bbox 617 1067 666 1090; x_wconf 80' lang='lat' dir='ltr'>ex</span> <span class='ocrx_word' id='word_1_109' title='bbox 695 1055 908 1103; x_wconf 82' lang='lat' dir='ltr'>Campania</span> <span class='ocrx_word' id='word_1_110' title='bbox 931 1054 1129 1092; x_wconf 84' lang='lat' dir='ltr'>frumento</span> <span class='ocrx_word' id='word_1_111' title='bbox 1152 1060 1201 1102; x_wconf 89' lang='lat' dir='ltr'>et,</span> <span class='ocrx_word' id='word_1_112' title='bbox 1222 1061 1325 1105; x_wconf 92' lang='lat' dir='ltr'>post-</span> 
     </span>
     <span class='ocr_line' id='line_1_16' title="bbox 142 1114 1326 1175; baseline -0.012 -4"><span class='ocrx_word' id='word_1_113' title='bbox 142 1114 400 1175; x_wconf 48' lang='lat' dir='ltr'>gfflggessgssssogessf</span> <span class='ocrx_word' id='word_1_114' title='bbox 431 1132 547 1168; x_wconf 77' lang='lat' dir='ltr'>quam</span> <span class='ocrx_word' id='word_1_115' title='bbox 581 1118 699 1155; x_wconf 89' lang='lat' dir='ltr'>timor</span> <span class='ocrx_word' id='word_1_116' title='bbox 731 1119 807 1155; x_wconf 84' lang='lat' dir='ltr'>sibi</span> <span class='ocrx_word' id='word_1_117' title='bbox 840 1119 979 1168; x_wconf 90' lang='lat' dir='ltr'>cuique</span> <span class='ocrx_word' id='word_1_118' title='bbox 1012 1119 1153 1156; x_wconf 85' lang='lat' dir='ltr'>futurae</span> <span class='ocrx_word' id='word_1_119' title='bbox 1186 1120 1326 1170; x_wconf 77' lang='lat' dir='ltr'>inopiae</span> 
     </span>
     <span class='ocr_line' id='line_1_17' title="bbox 142 1176 1325 1232; baseline 0.003 -12"><span class='ocrx_word' id='word_1_120' title='bbox 142 1177 263 1207; x_wconf 57' lang='lat' dir='ltr'>‘&#39;ffifflby</span> <span class='ocrx_word' id='word_1_121' title='bbox 271 1176 398 1200; x_wconf 79' lang='lat' dir='ltr'>tribunes.</span> <span class='ocrx_word' id='word_1_122' title='bbox 433 1184 541 1230; x_wconf 87' lang='lat' dir='ltr'>abiit,</span> <span class='ocrx_word' id='word_1_123' title='bbox 572 1196 627 1229; x_wconf 87' lang='lat' dir='ltr'>eo,</span> <span class='ocrx_word' id='word_1_124' title='bbox 658 1183 760 1232; x_wconf 88' lang='lat' dir='ltr'>quod</span> <span class='ocrx_word' id='word_1_125' title='bbox 789 1183 967 1219; x_wconf 83' lang='lat' dir='ltr'>abditum</span> <span class='ocrx_word' id='word_1_126' title='bbox 996 1183 1132 1230; x_wconf 87' lang='lat' dir='ltr'>fuerat,</span> <span class='ocrx_word' id='word_1_127' title='bbox 1165 1184 1325 1232; x_wconf 82' lang='lat' dir='ltr'>prolato.</span> 
     </span>
     <span class='ocr_line' id='line_1_18' title="bbox 111 1247 1329 1299; baseline 0.001 -14"><span class='ocrx_word' id='word_1_128' title='bbox 111 1270 124 1285; x_wconf 87' lang='lat'><em>2</em></span> <span class='ocrx_word' id='word_1_129' title='bbox 145 1251 206 1287; x_wconf 86' lang='lat' dir='ltr'>Ex</span> <span class='ocrx_word' id='word_1_130' title='bbox 243 1250 352 1299; x_wconf 87' lang='lat' dir='ltr'>copia</span> <span class='ocrx_word' id='word_1_131' title='bbox 389 1248 529 1286; x_wconf 87' lang='lat' dir='ltr'>deinde</span> <span class='ocrx_word' id='word_1_132' title='bbox 566 1247 724 1296; x_wconf 88' lang='lat' dir='ltr'>otioque</span> <span class='ocrx_word' id='word_1_133' title='bbox 762 1247 940 1284; x_wconf 81' lang='lat' dir='ltr'>lascivire</span> <span class='ocrx_word' id='word_1_134' title='bbox 978 1260 1112 1284; x_wconf 88' lang='lat' dir='ltr'>rursus</span> <span class='ocrx_word' id='word_1_135' title='bbox 1140 1248 1262 1285; x_wconf 85' lang='lat' dir='ltr'>animi</span> <span class='ocrx_word' id='word_1_136' title='bbox 1290 1253 1329 1286; x_wconf 88' lang='lat' dir='ltr'>et</span> 
     </span>
     <span class='ocr_line' id='line_1_19' title="bbox 143 1313 1325 1365; baseline -0.003 -12"><span class='ocrx_word' id='word_1_137' title='bbox 143 1316 310 1365; x_wconf 85' lang='lat' dir='ltr'>pristina</span> <span class='ocrx_word' id='word_1_138' title='bbox 334 1315 446 1361; x_wconf 85' lang='lat' dir='ltr'>mala,</span> <span class='ocrx_word' id='word_1_139' title='bbox 466 1318 672 1363; x_wconf 83' lang='lat' dir='ltr'>postquam</span> <span class='ocrx_word' id='word_1_140' title='bbox 703 1313 796 1350; x_wconf 88' lang='lat' dir='ltr'>foris</span> <span class='ocrx_word' id='word_1_141' title='bbox 822 1313 995 1359; x_wconf 83' lang='lat' dir='ltr'>deerant,</span> <span class='ocrx_word' id='word_1_142' title='bbox 1017 1313 1122 1349; x_wconf 89' lang='lat' dir='ltr'>domi</span> <span class='ocrx_word' id='word_1_143' title='bbox 1144 1326 1325 1363; x_wconf 83' lang='lat' dir='ltr'>quaerere.</span> 
     </span>
     <span class='ocr_line' id='line_1_20' title="bbox 144 1378 1328 1429; baseline -0.002 -12"><span class='ocrx_word' id='word_1_144' title='bbox 144 1380 307 1417; x_wconf 86' lang='lat' dir='ltr'>Tribuni</span> <span class='ocrx_word' id='word_1_145' title='bbox 335 1380 487 1429; x_wconf 87' lang='lat' dir='ltr'>plebem</span> <span class='ocrx_word' id='word_1_146' title='bbox 516 1378 662 1427; x_wconf 87' lang='lat' dir='ltr'>agitare</span> <span class='ocrx_word' id='word_1_147' title='bbox 692 1391 761 1414; x_wconf 91' lang='lat' dir='ltr'>suo</span> <span class='ocrx_word' id='word_1_148' title='bbox 787 1391 948 1424; x_wconf 87' lang='lat' dir='ltr'>veneno,</span> <span class='ocrx_word' id='word_1_149' title='bbox 969 1378 1121 1427; x_wconf 85' lang='lat' dir='ltr'>agraria</span> <span class='ocrx_word' id='word_1_150' title='bbox 1148 1379 1257 1426; x_wconf 78' lang='lat' dir='ltr'>lege3</span> <span class='ocrx_word' id='word_1_151' title='bbox 1287 1379 1328 1415; x_wconf 88' lang='lat' dir='ltr'>in</span> 
     </span>
     <span class='ocr_line' id='line_1_21' title="bbox 145 1443 1330 1492; baseline -0.003 -9"><span class='ocrx_word' id='word_1_152' title='bbox 145 1446 369 1484; x_wconf 84' lang='lat' dir='ltr'>resistentes</span> <span class='ocrx_word' id='word_1_153' title='bbox 397 1444 561 1481; x_wconf 87' lang='lat' dir='ltr'>incitare</span> <span class='ocrx_word' id='word_1_154' title='bbox 581 1448 720 1492; x_wconf 86' lang='lat' dir='ltr'>patres,</span> <span class='ocrx_word' id='word_1_155' title='bbox 745 1455 814 1479; x_wconf 85' lang='lat' dir='ltr'>nec</span> <span class='ocrx_word' id='word_1_156' title='bbox 834 1443 876 1479; x_wconf 92' lang='lat' dir='ltr'>in</span> <span class='ocrx_word' id='word_1_157' title='bbox 895 1443 1098 1480; x_wconf 87' lang='lat' dir='ltr'>universos</span> <span class='ocrx_word' id='word_1_158' title='bbox 1117 1443 1241 1488; x_wconf 90' lang='lat' dir='ltr'>modo,</span> <span class='ocrx_word' id='word_1_159' title='bbox 1264 1444 1330 1481; x_wconf 86' lang='lat' dir='ltr'>sed</span> 
     </span>
     <span class='ocr_line' id='line_1_22' title="bbox 115 1507 1330 1559; baseline -0.002 -12"><span class='ocrx_word' id='word_1_160' title='bbox 115 1511 187 1557; x_wconf 84' lang='lat' dir='ltr'>3in</span> <span class='ocrx_word' id='word_1_161' title='bbox 220 1509 401 1559; x_wconf 86' lang='lat' dir='ltr'>singulos.</span> <span class='ocrx_word' id='word_1_162' title='bbox 461 1509 505 1553; x_wconf 83' lang='lat' dir='ltr'>Q.</span> <span class='ocrx_word' id='word_1_163' title='bbox 538 1507 744 1544; x_wconf 85' lang='lat' dir='ltr'>Considius</span> <span class='ocrx_word' id='word_1_164' title='bbox 774 1511 813 1544; x_wconf 92' lang='lat' dir='ltr'>et</span> <span class='ocrx_word' id='word_1_165' title='bbox 845 1507 886 1544; x_wconf 91' lang='lat' dir='ltr'>T.</span> <span class='ocrx_word' id='word_1_166' title='bbox 919 1507 1126 1553; x_wconf 81' lang='lat' dir='ltr'>Genucius,</span> <span class='ocrx_word' id='word_1_167' title='bbox 1155 1512 1330 1544; x_wconf 84' lang='lat' dir='ltr'>auctores</span> 
     </span>
     <span class='ocr_line' id='line_1_23' title="bbox 145 1571 1330 1623; baseline 0 -13"><span class='ocrx_word' id='word_1_168' title='bbox 145 1574 305 1623; x_wconf 85' lang='lat' dir='ltr'>agrariae</span> <span class='ocrx_word' id='word_1_169' title='bbox 330 1573 435 1622; x_wconf 83' lang='lat' dir='ltr'>legis,</span> <span class='ocrx_word' id='word_1_170' title='bbox 464 1573 505 1609; x_wconf 88' lang='lat' dir='ltr'>T.</span> <span class='ocrx_word' id='word_1_171' title='bbox 529 1572 714 1608; x_wconf 89' lang='lat' dir='ltr'>Menenio</span> <span class='ocrx_word' id='word_1_172' title='bbox 734 1572 836 1608; x_wconf 89' lang='lat' dir='ltr'>diem</span> <span class='ocrx_word' id='word_1_173' title='bbox 856 1571 1001 1609; x_wconf 87' lang='lat' dir='ltr'>dicunt.</span> <span class='ocrx_word' id='word_1_174' title='bbox 1060 1571 1227 1609; x_wconf 83' lang='lat' dir='ltr'>Invidiae</span> <span class='ocrx_word' id='word_1_175' title='bbox 1246 1578 1330 1610; x_wconf 83' lang='lat' dir='ltr'>erat</span> 
     </span>
     <span class='ocr_line' id='line_1_24' title="bbox 146 1634 1331 1685; baseline -0.003 -10"><span class='ocrx_word' id='word_1_176' title='bbox 146 1638 330 1675; x_wconf 85' lang='lat' dir='ltr'>amissum</span> <span class='ocrx_word' id='word_1_177' title='bbox 356 1636 545 1673; x_wconf 74' lang='lat' dir='ltr'>Cremerae</span> <span class='ocrx_word' id='word_1_178' title='bbox 569 1635 804 1685; x_wconf 68' lang='lat' dir='ltr'>praesidium,</span> <span class='ocrx_word' id='word_1_179' title='bbox 825 1648 946 1684; x_wconf 89' lang='lat' dir='ltr'>quum</span> <span class='ocrx_word' id='word_1_180' title='bbox 965 1634 1070 1671; x_wconf 87' lang='lat' dir='ltr'>haud</span> <span class='ocrx_word' id='word_1_181' title='bbox 1089 1635 1221 1684; x_wconf 88' lang='lat' dir='ltr'>procul</span> <span class='ocrx_word' id='word_1_182' title='bbox 1240 1636 1331 1672; x_wconf 88' lang='lat' dir='ltr'>inde</span> 
     </span>
     <span class='ocr_line' id='line_1_25' title="bbox 113 1700 1331 1750; baseline -0.001 -11"><span class='ocrx_word' id='word_1_183' title='bbox 113 1725 127 1747; x_wconf 79' lang='lat'>4</span> <span class='ocrx_word' id='word_1_184' title='bbox 147 1703 291 1740; x_wconf 85' lang='lat' dir='ltr'>stativa</span> <span class='ocrx_word' id='word_1_185' title='bbox 309 1702 443 1738; x_wconf 89' lang='lat' dir='ltr'>consul</span> <span class='ocrx_word' id='word_1_186' title='bbox 462 1701 661 1738; x_wconf 84' lang='lat' dir='ltr'>habuisset</span> <span class='ocrx_word' id='word_1_187' title='bbox 675 1715 685 1748; x_wconf 83' lang='lat'>;</span> <span class='ocrx_word' id='word_1_188' title='bbox 714 1713 759 1737; x_wconf 90' lang='lat' dir='ltr'>ea</span> <span class='ocrx_word' id='word_1_189' title='bbox 779 1700 981 1750; x_wconf 86' lang='lat' dir='ltr'>oppressit,</span> <span class='ocrx_word' id='word_1_190' title='bbox 1003 1713 1124 1749; x_wconf 90' lang='lat' dir='ltr'>quum</span> <span class='ocrx_word' id='word_1_191' title='bbox 1143 1705 1182 1737; x_wconf 87' lang='lat' dir='ltr'>et</span> <span class='ocrx_word' id='word_1_192' title='bbox 1201 1705 1331 1750; x_wconf 86' lang='lat' dir='ltr'>patres</span> 
     </span>
     <span class='ocr_line' id='line_1_26' title="bbox 147 1764 1331 1815; baseline -0.001 -12"><span class='ocrx_word' id='word_1_193' title='bbox 147 1766 251 1803; x_wconf 84' lang='lat' dir='ltr'>haud</span> <span class='ocrx_word' id='word_1_194' title='bbox 288 1766 417 1802; x_wconf 88' lang='lat' dir='ltr'>minus</span> <span class='ocrx_word' id='word_1_195' title='bbox 455 1778 572 1815; x_wconf 88' lang='lat' dir='ltr'>quam</span> <span class='ocrx_word' id='word_1_196' title='bbox 610 1777 679 1814; x_wconf 80' lang='lat' dir='ltr'>pro</span> <span class='ocrx_word' id='word_1_197' title='bbox 718 1764 924 1801; x_wconf 85' lang='lat' dir='ltr'>Coriolano</span> <span class='ocrx_word' id='word_1_198' title='bbox 961 1764 1090 1801; x_wconf 84' lang='lat' dir='ltr'>annisi</span> <span class='ocrx_word' id='word_1_199' title='bbox 1126 1769 1255 1802; x_wconf 88' lang='lat' dir='ltr'>essent</span> <span class='ocrx_word' id='word_1_200' title='bbox 1291 1769 1331 1802; x_wconf 90' lang='lat' dir='ltr'>et</span> 
     </span>
     <span class='ocr_line' id='line_1_27' title="bbox 115 1828 1333 1881; baseline -0.002 -14"><span class='ocrx_word' id='word_1_201' title='bbox 115 1854 129 1876; x_wconf 78' lang='lat'><strong>5</strong></span> <span class='ocrx_word' id='word_1_202' title='bbox 147 1830 270 1881; x_wconf 86' lang='lat' dir='ltr'>patris</span> <span class='ocrx_word' id='word_1_203' title='bbox 290 1831 477 1879; x_wconf 72' lang='lat' dir='ltr'>Agrippae</span> <span class='ocrx_word' id='word_1_204' title='bbox 497 1830 607 1866; x_wconf 87' lang='lat' dir='ltr'>favor</span> <span class='ocrx_word' id='word_1_205' title='bbox 627 1829 825 1865; x_wconf 86' lang='lat' dir='ltr'>hauddum</span> <span class='ocrx_word' id='word_1_206' title='bbox 845 1828 1086 1865; x_wconf 75' lang='lat' dir='ltr'>exolevisset.</span> <span class='ocrx_word' id='word_1_207' title='bbox 1137 1828 1188 1865; x_wconf 91' lang='lat' dir='ltr'>In</span> <span class='ocrx_word' id='word_1_208' title='bbox 1207 1829 1333 1865; x_wconf 86' lang='lat' dir='ltr'>multa</span> 
     </span>
     <span class='ocr_line' id='line_1_28' title="bbox 149 1892 1332 1944; baseline -0.003 -12"><span class='ocrx_word' id='word_1_209' title='bbox 149 1899 418 1944; x_wconf 86' lang='lat' dir='ltr'>temperarunt</span> <span class='ocrx_word' id='word_1_210' title='bbox 443 1894 620 1940; x_wconf 79' lang='lat' dir='ltr'>tribuni3</span> <span class='ocrx_word' id='word_1_211' title='bbox 649 1906 769 1942; x_wconf 86' lang='lat' dir='ltr'>quum</span> <span class='ocrx_word' id='word_1_212' title='bbox 794 1893 931 1942; x_wconf 82' lang='lat' dir='ltr'>capitis</span> <span class='ocrx_word' id='word_1_213' title='bbox 957 1892 1232 1942; x_wconf 84' lang='lat' dir='ltr'>anquisisscnt,</span> <span class='ocrx_word' id='word_1_214' title='bbox 1254 1892 1332 1929; x_wconf 90' lang='lat' dir='ltr'>duo</span> 
     </span>
     <span class='ocr_line' id='line_1_29' title="bbox 150 1957 1333 2007; baseline -0.002 -10"><span class='ocrx_word' id='word_1_215' title='bbox 150 1960 273 1997; x_wconf 84' lang='lat' dir='ltr'>millia</span> <span class='ocrx_word' id='word_1_216' title='bbox 309 1959 396 1996; x_wconf 81' lang='lat' dir='ltr'>aeris</span> <span class='ocrx_word' id='word_1_217' title='bbox 423 1959 608 1995; x_wconf 85' lang='lat' dir='ltr'>damnato</span> <span class='ocrx_word' id='word_1_218' title='bbox 636 1958 801 1994; x_wconf 85' lang='lat' dir='ltr'>multam</span> <span class='ocrx_word' id='word_1_219' title='bbox 830 1958 1026 2004; x_wconf 73' lang='lat' dir='ltr'>dixerunt,</span> <span class='ocrx_word' id='word_1_220' title='bbox 1060 1958 1119 2005; x_wconf 76' lang='lat' dir='ltr'>Ea</span> <span class='ocrx_word' id='word_1_221' title='bbox 1146 1957 1187 1994; x_wconf 89' lang='lat' dir='ltr'>in</span> <span class='ocrx_word' id='word_1_222' title='bbox 1216 1962 1333 2007; x_wconf 73' lang='lat' dir='ltr'>caput</span> 
     </span>
     <span class='ocr_line' id='line_1_30' title="bbox 150 2022 1332 2076; baseline -0.001 -16"><span class='ocrx_word' id='word_1_223' title='bbox 150 2024 294 2076; x_wconf 47' lang='lat' dir='ltr'>verti&amp;</span> <span class='ocrx_word' id='word_1_224' title='bbox 331 2027 476 2073; x_wconf 86' lang='lat' dir='ltr'>negant</span> <span class='ocrx_word' id='word_1_225' title='bbox 507 2023 643 2060; x_wconf 89' lang='lat' dir='ltr'>tulisse</span> <span class='ocrx_word' id='word_1_226' title='bbox 677 2022 928 2072; x_wconf 85' lang='lat' dir='ltr'>ignominiam</span> <span class='ocrx_word' id='word_1_227' title='bbox 961 2022 1332 2073; x_wconf 82' lang='lat' dir='ltr'>aegritudinemque;</span> 
     </span>
     <span class='ocr_line' id='line_1_31' title="bbox 150 2072 773 2136; baseline -0.002 -11"><span class='ocrx_word' id='word_1_228' title='bbox 150 2072 240 2125; x_wconf 72' lang='lat' dir='ltr'>inde</span> <span class='ocrx_word' id='word_1_229' title='bbox 260 2088 393 2124; x_wconf 87' lang='lat' dir='ltr'>morbo</span> <span class='ocrx_word' id='word_1_230' title='bbox 412 2087 661 2136; x_wconf 87' lang='lat' dir='ltr'>absumptum</span> <span class='ocrx_word' id='word_1_231' title='bbox 682 2099 773 2124; x_wconf 84' lang='lat' dir='ltr'>esse.</span> 
     </span>
     <span class='ocr_line' id='line_1_32' title="bbox 116 2149 1332 2199; baseline -0.002 -11"><span class='ocrx_word' id='word_1_232' title='bbox 116 2169 132 2193; x_wconf 73' lang='lat' dir='ltr'>s,</span> <span class='ocrx_word' id='word_1_233' title='bbox 230 2153 348 2189; x_wconf 87' lang='lat' dir='ltr'>Alius</span> <span class='ocrx_word' id='word_1_234' title='bbox 386 2151 524 2188; x_wconf 62' lang='lat' dir='ltr'>deindo</span> <span class='ocrx_word' id='word_1_235' title='bbox 562 2163 660 2196; x_wconf 85' lang='lat' dir='ltr'>reus,</span> <span class='ocrx_word' id='word_1_236' title='bbox 700 2150 763 2199; x_wconf 81' lang='lat' dir='ltr'>Sp.</span> <span class='ocrx_word' id='word_1_237' title='bbox 805 2149 1005 2195; x_wconf 81' lang='lat' dir='ltr'>Servilius,</span> <span class='ocrx_word' id='word_1_238' title='bbox 1047 2153 1091 2186; x_wconf 85' lang='lat' dir='ltr'>ut</span> <span class='ocrx_word' id='word_1_239' title='bbox 1127 2149 1332 2186; x_wconf 79' lang='lat' dir='ltr'>consulatu</span> 
     </span>
     <span class='ocr_line' id='line_1_33' title="bbox 150 2213 1332 2262; baseline -0.004 -8"><span class='ocrx_word' id='word_1_240' title='bbox 150 2218 257 2262; x_wconf 84' lang='lat' dir='ltr'>abiit,</span> <span class='ocrx_word' id='word_1_241' title='bbox 281 2217 321 2253; x_wconf 89' lang='lat' dir='ltr'>C.</span> <span class='ocrx_word' id='word_1_242' title='bbox 340 2215 489 2252; x_wconf 82' lang='lat' dir='ltr'>Nautio</span> <span class='ocrx_word' id='word_1_243' title='bbox 509 2219 548 2251; x_wconf 77' lang='lat' dir='ltr'>ct</span> <span class='ocrx_word' id='word_1_244' title='bbox 568 2214 608 2252; x_wconf 88' lang='lat' dir='ltr'>P.</span> <span class='ocrx_word' id='word_1_245' title='bbox 630 2214 790 2250; x_wconf 72' lang='lat' dir='ltr'>Valerio</span> <span class='ocrx_word' id='word_1_246' title='bbox 811 2213 1045 2259; x_wconf 83' lang='lat' dir='ltr'>consulibus,</span> <span class='ocrx_word' id='word_1_247' title='bbox 1066 2213 1180 2250; x_wconf 86' lang='lat' dir='ltr'>initio</span> <span class='ocrx_word' id='word_1_248' title='bbox 1199 2214 1332 2250; x_wconf 82' lang='lat' dir='ltr'>statim</span> 
     </span>
    </p>
   </div>
  </div>
 </body>
</html>
