1438 2466
74 160 176 188 mon.
201 147 294 200 449]
514 146 682 183 LIBER
719 145 804 184 III.
1173 147 1242 183 151

75 249 333 282 accusatorem
353 243 520 293 primum
536 242 771 291 Verginium
791 247 830 279 et
849 243 929 291 Ap·
961 256 1007 280 the
1023 256 1112 291 cimice
1127 256 1243 292 petwepn

75 309 182 358 pium
201 321 310 345 reum
329 307 514 356 deligunt.
578 305 709 350 Quum
728 305 831 342 diem
851 306 930 354 Ap·
962 286 1161 362 {ffffiuiissignghiii
1182 289 1247 342 31¹3ss
1263 325 1278 342 a

75 374 138 423 pio
151 372 360 422 Verginius
372 371 544 418 dixisset,
553 376 592 407 et
603 371 759 420 Appius
766 371 932 420 stipatus
962 351 1019 372 ‘M
1031 351 1086 372 mm
1097 353 1194 377 pnsm'

74 436 246 486 patriciis
265 435 468 472 iuvenibus
492 435 534 471 in
552 434 679 471 forum
698 434 965 481 descendisset,
987 435 1248 484 redintegrata

74 500 268 550 extemplo
296 506 354 536 est
382 499 560 535 omnibus
588 498 772 535 memoria
798 498 1014 534 foedissimae
1034 497 1248 547 potestatis,

75 578 195 614 quum
222 564 348 613 ipsum
376 563 637 612 satellitesque
665 563 747 599 eius
776 563 973 600 vidissent.
1031 563 1130 599 Tum
1156 563 1248 599 Ver·
1266 583 1281 606 3

74 629 204 678 ginius
233 631 256 648 ‘⁴
271 628 407 665 Oratio
421 627 439 643 '’
467 627 597 676 inquit
626 627 778 663 “rebus
805 627 933 663 dubiis
970 627 1131 664 inventa
1167 632 1248 673 est,

70 693 206 742 >itaque
236 705 360 741 neque
393 704 461 741 ego
493 691 706 728 accusando
736 692 838 740 apud
876 704 944 728 vos
976 704 1063 728 eum
1097 696 1249 741 tempus

74 763 208 804 teram,
241 771 265 794 a
297 758 405 794 cuius
435 757 663 793 crudelitate
696 760 843 793 vosmet
874 756 949 805 ipsi
978 757 1094 792 armis
1126 756 1250 793 vindi—

74 820 200 867 castis,
231 833 302 856 nec
330 820 448 856 istum
478 820 526 856 ad
555 823 681 855 cetera
718 820 859 855 seelera
894 819 1173 868 impudentiam
1209 820 1248 856 in

74 884 313 921 defende-ndo
343 897 382 920 se
413 884 579 920 adiicere
609 883 745 932 patiar.
804 883 988 919 Omnium
1021 883 1141 932 igitur
1166 883 1248 928 tibi,
1265 907 1281 931 ⁴

74 948 183 997 Appi
211 947 360 993 Claudi,
381 961 465 997 quae
493 947 610 997 impie
629 947 852 996 nefarieque
871 959 939 996 per
957 947 1156 983 biennium
1176 947 1251 983 alia

74 1025 188 1061 super
219 1011 296 1048 alia
327 1024 367 1047 es
399 1024 524 1056 ausus,
551 1010 715 1060 gratiam
752 1010 858 1047 facio.
930 1010 1060 1046 Unius
1095 1014 1250 1046 tantum

74 1077 246 1113 criminis
271 1076 346 1112 nisi
370 1076 537 1113 iudicem
563 1076 676 1121 (lices,
698 1081 737 1112 te
762 1076 810 1112 ab
830 1075 1010 1112 libertate
1029 1077 1070 1112 in
1089 1076 1251 1113 servitu-

74 1146 152 1177 tem
181 1144 314 1177 contra
340 1139 442 1189 leges
469 1139 656 1176 vindicias
684 1152 762 1175 non
791 1139 949 1185 dedisse,
984 1140 1026 1175 in
1054 1139 1181 1176 vincla
1212 1144 1251 1175 te

74 1205 163 1241 duci
191 1205 365 1241 iubebo.''
421 1204 504 1241 Nec
533 1205 574 1240 in
602 1204 810 1240 tribunicio
838 1204 984 1240 auxilio
1008 1204 1164 1253 Appius
1181 1216 1252 1240 nec
1268 1224 1282 1247 5

74 1269 116 1305 in
145 1269 286 1305 iudicio
308 1269 439 1318 populi
468 1269 587 1305 ullam
616 1282 720 1318 spem
749 1268 936 1317 habebat;
968 1298 1073 1329 Appius
1092 1298 1185 1322 ciaims
1206 1299 1252 1323 tho

73 1338 204 1370 tamen
234 1338 272 1369 et
305 1333 482 1369 tribunos
509 1333 719 1382 appellavit
746 1338 796 1381 et,
826 1333 933 1369 nullo
966 1329 1073 1358 “1⁴¹¹“0
1084 1330 1195 1359 ”¹’P⁰‘¹¹²

75 1402 248 1434 morante
272 1403 450 1447 arreptus
477 1411 499 1433 a
519 1398 678 1443 viatore,
701 1402 723 1418 “
737 1398 908 1435 Provoco
924 1399 945 1415 ’'
975 1399 1114 1448 inquit.
1171 1399 1252 1435 Au-
1268 1419 1283 1442 ⁶

75 1461 158 1498 dita
176 1474 253 1497 vox
281 1474 359 1497 una
388 1461 532 1497 vindex
561 1461 763 1506 libertatis,
785 1474 833 1497 ex
861 1474 905 1498 eo
933 1462 1050 1498 missa
1077 1474 1154 1508 ore,
1174 1475 1251 1511 quo

75 1526 250 1562 vindiciae
286 1538 410 1574 nuper
447 1526 494 1561 ab
532 1525 711 1561 libertate
748 1525 859 1561 dietae
896 1531 1017 1569 erant,
1052 1526 1250 1562 silentium

74 1591 177 1627 fecit.
236 1591 288 1626 Et
315 1591 405 1626 duni
435 1603 504 1638 pro
532 1603 571 1626 se
599 1590 772 1638 quisque,
803 1589 893 1625 deos
920 1590 1076 1626 tandem
1105 1603 1185 1626 esse
1213 1595 1252 1626 et
1269 1613 1283 1635 7

75 1668 152 1691 non
180 1654 372 1704 negligere
400 1653 578 1700 humana,
609 1654 791 1700 fremunt,
813 1658 852 1690 et
880 1654 1066 1703 superbiae
1094 1653 1252 1690 crudeli-

75 1719 224 1767 tatique
260 1719 332 1754 etsi
369 1731 482 1763 seras,
521 1731 599 1754 non
638 1719 739 1755 leves
775 1723 905 1755 tamen
934 1719 1065 1755 venire
1097 1731 1250 1767 poenas:

75 1796 290 1831 provocare,
313 1783 380 1831 qui
398 1784 709 1832 provocationem
729 1783 960 1830 sustulisset,
981 1789 1020 1820 et
1046 1784 1250 1834 implorare
1267 1802 1282 1825 3

74 1847 293 1895 praesidium
325 1847 466 1895 populi,
501 1847 568 1895 qui
604 1847 733 1883 onmia
771 1848 855 1883 iura
887 1849 1019 1897 populi
1057 1850 1248 1895 obtrisset,

73 1912 234 1960 rapique
262 1911 302 1947 in
327 1911 455 1948 vincla
480 1916 656 1959 egentem
676 1912 760 1947 iure
779 1912 981 1958 libertatis,
1002 1915 1068 1962 qui
1088 1913 1248 1950 liberum

74 1989 210 2024 corpus
239 1975 280 2011 in
312 1975 538 2012 servitutem
576 1975 800 2021 addixisset,
830 1976 952 2025 ipsius
988 1977 1111 2026 Appii
1147 1978 1251 2015 inter

73 2038 265 2075 contionis
292 2051 468 2074 murmur
495 2039 608 2075 fidem
637 2038 771 2087 populi
801 2039 968 2076 Romani
1005 2040 1249 2089 implorantis

74 2117 150 2140 vox
182 2103 420 2141 audiebatur.
478 2104 673 2141 Maiorum
705 2104 842 2140 merita
872 2105 912 2140 in
942 2117 1021 2140 rem
1055 2105 1247 2154 publicam
1265 2129 1282 2153 9

72 2168 177 2205 domi
209 2168 433 2217 militiaeque
466 2169 799 2214 commemorabat,
838 2181 950 2205 suum
989 2168 1126 2205 infelix
1159 2184 1248 2217 erga

72 2233 218 2281 plebem
252 2232 466 2268 Romanam
501 2232 683 2276 studium,
715 2245 791 2281 quo
819 2232 1092 2280 mquandarum
1119 2233 1246 2283 legum
