1438 2466
156 117 206 155 84
671 117 732 154 LI
739 117 796 154 VI
794 116 820 152 I
1106 114 1156 167 [A.
1164 126 1238 154 U.C.
1265 129 1337 165 ²90

155 230 178 254 a
201 229 342 266 pavore
361 220 482 265 captae
501 217 609 253 urbis
627 217 769 254 abesse.
828 216 945 252 Forte
963 216 1012 251 ab
1031 215 1177 263 Algido
1199 214 1339 259 Quinc-

123 298 138 322 5
155 281 235 317 tius
272 281 406 317 consul
436 280 603 317 redierat
632 281 807 317 Romam.
871 280 920 316 Id
957 279 1172 316 remedium
1209 279 1342 315 timori

157 344 261 392 fuit;
289 345 539 393 tumultuque
565 344 709 390 sedato,
731 345 854 381 victos
880 344 1010 380 timeri
1035 343 1238 392 increpans
1260 343 1343 380 hos-

124 421 139 445 6
157 413 226 455 tes,
255 409 434 458 praesidia
471 410 592 457 portis
629 409 823 458 imposuit.
881 409 1034 445 Vocato
1072 408 1163 444 dein
1192 412 1341 454 senatu,

158 486 277 523 quum
303 486 352 510 ex
380 473 612 509 auctoritate
632 477 789 522 patrum
814 473 966 510 iustitio
985 473 1132 509 indicto
1151 472 1346 522 profectus

158 537 207 574 ad
235 536 421 574 tutandos
458 536 554 574 fines
592 541 700 585 esset,
737 537 781 582 Q.
823 537 987 574 Servilio
1024 537 1203 586 praefecto
1239 536 1346 573 urbis

127 623 140 645 7
159 601 303 647 relicto,
326 601 476 638 hostem
504 602 547 638 in
572 602 673 651 agris
700 614 776 638 non
805 601 968 639 invenit.
1027 601 1093 637 Ab
1113 601 1236 638 altero
1255 614 1344 638 con-

159 667 241 703 sule
267 679 327 703 res
350 670 459 716 gesta
484 667 634 716 egregie
658 670 717 704 est
734 679 744 712 3
773 666 850 716 qui,
873 679 949 715 qua.
967 670 1175 703 venturum
1196 666 1346 702 hostem

160 731 313 777 sciebat,
335 743 492 780 gravem
517 731 646 779 praeda
668 743 788 780 eoque
810 731 1055 778 impeditiore
1075 731 1226 779 agmine
1245 730 1346 766 ince—

127 808 142 833 8
160 795 317 831 dentem
337 807 547 843 aggressus,
569 795 763 832 funestam
783 795 1071 844 populationem
1084 794 1186 831 fecit.
1227 793 1349 830 Pauci

160 860 332 897 hostium
369 872 524 896 evasere
562 873 610 896 ex
652 860 805 897 insidiis
819 874 829 907 ;
867 860 996 909 praeda
1033 860 1161 897 omnis
1194 862 1348 908 recepta

161 930 230 962 est.
288 924 350 961 Sic
369 925 485 961 finem
505 925 668 971 iustitio,
691 925 793 974 quod
813 926 1067 974 quatriduum
1086 925 1175 971 fuit,
1199 924 1349 961 reditus

128 1008 143 1032 9
163 989 336 1034 Quinctii
356 989 523 1026 consulis
542 991 584 1026 in
604 990 738 1026 urbem
759 989 861 1027 fecit.
906 990 1053 1026 Census
1081 989 1220 1026 deinde
1239 994 1350 1027 actus

482 1059 521 1091 et
533 1054 732 1091 conditum
750 1055 798 1090 ab
812 1053 995 1098 Quinctio
1007 1054 1183 1091 lustrum.
1226 1054 1350 1092 Censa

481 1120 625 1156 civium
655 1120 783 1169 capita
821 1123 975 1156 centum
1006 1123 1193 1168 quattuor
1228 1119 1351 1155 millia

167 1184 413 1234 septingenta
440 1183 750 1233 quattuordecim
779 1184 964 1220 dicuntur
992 1188 1132 1232 praeter
1158 1184 1269 1220 orbos
1291 1197 1349 1221 or-

117 1266 147 1282 ιο
165 1250 318 1299 basque.
377 1249 427 1285 In
457 1248 599 1298 AEquis
627 1248 726 1284 nihil
750 1248 889 1285 deinde
917 1247 1165 1284 memorabile
1197 1252 1326 1284 actum
1341 1261 1352 1295 ς

165 1314 208 1350 'm
235 1313 378 1363 oppida
405 1327 474 1350 sua
502 1326 541 1349 se
570 1326 756 1362 recepere,
778 1313 840 1350 uri
868 1326 937 1350 sua
959 1313 1214 1362 popularique
1231 1314 1347 1365 passi.

167 1379 311 1416 Consul
339 1392 460 1428 quum
489 1379 693 1428 aliquoties
722 1392 789 1428 per
818 1391 971 1416 omnem
1008 1378 1180 1415 hostium
1214 1391 1351 1428 agrum

166 1444 308 1481 infesto
331 1444 484 1493 agmine
507 1443 805 1493 populabundus
831 1444 935 1489 isset,
958 1455 1046 1480 cum
1066 1443 1216 1493 ingenti
1235 1443 1349 1481 laude

167 1507 370 1557 praedaque
392 1508 555 1544 Romam
576 1507 701 1545 rediit.

126 1577 150 1614 4
249 1573 432 1610 Consules
465 1572 555 1609 inde
584 1573 633 1609 A.
674 1572 900 1609 Postumius
933 1572 1072 1617 Albus,
1107 1571 1171 1621 Sp.
1211 1571 1354 1609 Furius

494 1637 628 1673 Fusus.
688 1636 828 1672 Furios
867 1635 1002 1672 Fusios
1044 1635 1228 1684 scripsere
1269 1636 1352 1685 qui-

256 1096 364 1120 Census.

169 1665 226 1690 The
239 1664 320 1695 AEqui
337 1665 400 1689 scek
418 1671 462 1689 as—

170 1696 460 1751 {lffissssfissnsstgffissff
493 1700 581 1737 dam
596 1713 605 1747 3
643 1700 685 1737 id
725 1700 923 1745 admoneo,
963 1713 1013 1737 ne
1051 1701 1137 1750 quis
1174 1700 1355 1738 immuta-

171 1757 456 1818 {lriffibyabssgfffflgssfnss‘l'ef
486 1765 631 1801 tionem
678 1765 852 1801 virorum
898 1765 1070 1815 ipsorum
1123 1778 1215 1811 esse,
1272 1779 1356 1815 quae

172 1821 233 1849 part
265 1819 294 1843 of
335 1818 457 1842 Antium.
586 1831 592 1837 ·
1273 1831 1280 1838 .

137 1850 250 1874 21³inal
289 1849 390 1879 victory
432 1849 461 1873 or
492 1843 692 1867 nominum
731 1836 800 1878 est,
839 1835 958 1880 putet.
1033 1830 1154 1867 Haud
1189 1831 1350 1868 dublum

171 1879 457 1965 {igeffissss'sis'ssisssffig
490 1900 583 1941 erat,
614 1896 710 1945 quin
740 1909 827 1932 cum
858 1895 1000 1945 quuis
1032 1895 1132 1932 alter
1155 1895 1356 1933 consulum

172 1950 192 1966 Sl
213 1949 247 1966 OS.
285 1949 314 1965 ΓΟ
336 1948 437 1969 11388811

172 1973 310 2015 οᾳρὴῑαῑοιγ
340 1979 456 1997 ceremo-
490 1959 632 1996 bellum
661 1964 820 2008 gereret.
879 1960 1018 2009 Itaque
1042 1959 1167 2009 AEqui
1189 1959 1237 1996 ab
1266 1959 1357 1997 Ece-

172 2011 234 2028 ΗΜ
488 2024 611 2061 tranis
640 2024 793 2061 Volscis
822 2024 1043 2074 praesidium
1077 2025 1245 2074 petiere5
1282 2038 1358 2074 quo

172 2088 309 2138 cupide
338 2088 466 2125 oblato
488 2088 600 2139 (adeo
619 2089 797 2125 civitates
817 2102 868 2126 eze
895 2094 1080 2138 perpetuo
1100 2090 1142 2125 in
1162 2090 1358 2128 Romanos

141 2174 154 2195 3
172 2152 261 2190 odio
293 2151 518 2202 certavere),
553 2153 696 2189 bellum
737 2166 888 2190 summa
917 2154 955 2190 vi
993 2154 1213 2203 parabatur.
1269 2154 1359 2193 Sen-

174 2218 279 2254 tiimt
309 2218 473 2255 Hernici
501 2223 541 2255 ct
571 2219 789 2268 praedicunt
816 2220 1013 2266 Romanis,
1046 2220 1280 2257 Ecetranum
1309 2222 1358 2259 ad
