1438 2466
133 143 236 170 acu.
261 131 355 184 446]
578 132 745 168 LIBER
784 132 865 168 ΙΙΙ.
1232 130 1305 168 165

133 227 364 263 sententiam
411 227 581 263 locutum
627 226 793 275 accipio:
846 227 968 264 “Etsi
1014 227 1109 263 mihi
1161 227 1306 265 nullius

134 303 243 328 noxae
283 291 465 338 conscius,
503 290 684 338 Quirites,
724 305 820 337 sum,
860 295 989 328 tamen
1022 308 1306 343 quechprtheconsul

133 369 219 393 cum
248 356 392 406 pudore
418 368 567 392 summo
595 356 637 392 in
664 356 881 393 contionem
912 369 989 393 ves·
1021 339 1164 399 {fflffiim
1197 342 1225 363 ω
1262 339 1307 363 ⁸¹¹⁰

133 426 233 458 tram
258 421 432 470 processi.
491 420 578 457 Hoc
604 433 671 457 vos
700 421 805 467 scire,
828 421 898 457 hoc
925 420 1088 470 posteris
1116 420 1307 457 memoriae

133 486 319 522 traditum
348 485 407 530 iri,
437 484 588 534 AEquos
617 490 657 521 et
686 485 858 531 Volscos,
888 485 955 521 vix
983 484 1166 521 Hernicis
1195 484 1307 522 modo

133 562 254 599 pares,
283 549 322 586 T.
355 549 538 595 Quinctio
565 553 748 598 quartum
777 549 929 586 consule
957 549 1004 586 ad
1034 549 1174 586 moenia
1200 549 1307 586 urbis

134 614 267 651 Romae
304 614 462 663 impune
499 617 664 649 armatos
701 613 872 650 venisse!
946 613 1062 650 Hanc
1099 626 1168 663 ego
1204 613 1307 662 igno-
1326 629 1340 646 2

79 711 82 714 Δ
133 679 301 725 miniam,
320 691 538 727 quanquam
557 678 634 714 iam
649 678 715 715 diu
735 678 791 714 im
810 678 968 724 vivitur,
985 678 1018 715 is
1036 682 1160 715 status
1179 690 1304 714 rerum

133 747 201 790 est,
224 746 269 779 ut
293 743 390 779 nihil
415 743 507 779 boni
529 742 679 778 divinet
703 742 865 789 animus,
888 742 920 778 si
949 741 1038 778 huic
1065 742 1306 790 potissimum

133 805 332 849 imminere
357 817 457 842 anno
483 806 649 851 scissem,
676 805 736 841 vel
765 805 900 842 exsilio
926 805 986 842 vel
1014 809 1147 850 morte,
1172 805 1204 841 si
1232 804 1308 841 alia

133 870 225 920 fuga
245 870 400 907 honoris
426 883 504 907 non
529 874 638 916 esset,
667 870 857 907 vitassem.
917 870 1017 918 Ergo
1042 869 1074 906 si
1101 869 1175 905 viri
1200 881 1307 905 arma
1327 881 1341 905 3

132 935 198 972 illa
217 935 451 981 imbuissent,
473 948 555 984 quae
575 935 613 971 in
635 935 756 984 portis
775 934 879 971 fuere
900 934 1052 979 nostris,
1073 933 1156 983 capi
1183 933 1308 970 Roma

133 1012 193 1036 me
224 999 378 1036 consule
411 999 562 1048 potuit?
617 998 720 1035 Satis
756 997 957 1044 honorum,
989 998 1082 1034 satis
1119 1010 1307 1048 superque

135 1062 223 1099 vitae
254 1066 337 1099 erat
352 1075 362 1108 3
401 1062 498 1098 mori
531 1062 724 1098 consulem
758 1061 915 1098 tertium
944 1061 1125 1110 oportuit.
1183 1061 1304 1106 Quem
1326 1079 1341 1102 ⁴

133 1126 289 1163 tandem
322 1126 559 1175 ignavissimi
589 1126 758 1163 hostium
790 1128 1077 1176 contempsere?
1118 1139 1187 1171 nos
1219 1139 1305 1164 con-

133 1190 233 1227 sules
257 1203 308 1226 an
328 1202 395 1226 vos
415 1190 612 1235 Quirites?
669 1190 709 1226 Si
732 1190 845 1239 culpa
867 1190 907 1227 in
933 1190 1042 1226 nobis
1068 1194 1137 1235 est,
1158 1191 1307 1227 auferte

133 1253 336 1301 imperium
362 1252 531 1301 indignis
556 1256 605 1298 et,
627 1253 659 1289 si
685 1252 724 1289 id
751 1265 886 1301 parum
910 1258 976 1299 est,
998 1254 1155 1302 insuper
1177 1267 1307 1303 poenas

133 1316 326 1365 expetite;
355 1317 386 1352 si
412 1317 452 1352 in
472 1317 591 1362 vobis,
613 1330 724 1353 nemo
744 1317 899 1354 deorum
926 1331 995 1355 nec
1019 1318 1219 1355 hominum
1243 1319 1305 1364 sit,
1327 1334 1340 1356 5

131 1381 198 1430 qui
227 1387 354 1417 vestra
381 1380 518 1429 puniat
546 1386 710 1430 peccata,
742 1381 937 1427 Quirites;
972 1386 1120 1419 vosmet
1152 1387 1306 1419 tantum

132 1457 262 1482 eorum
305 1445 494 1494 paeniteat.
554 1445 645 1481 Non
688 1446 745 1481 illi
783 1451 950 1482 vestram
993 1447 1186 1495 ignaviam
1223 1460 1307 1483 con-

133 1514 321 1558 tempsere
348 1521 416 1545 nec
445 1522 522 1545 suae
550 1509 689 1546 virtuti
717 1510 849 1546 confisi
877 1514 992 1556 sunt;
1022 1511 1164 1560 quippe
1192 1511 1307 1547 toties

133 1573 207 1610 fusi
233 1572 444 1622 fugatique,
467 1573 601 1609 castris
627 1574 746 1619 exuti,
768 1586 859 1622 agro
883 1574 1050 1620 multati,
1075 1575 1146 1610 sub
1173 1575 1305 1622 iugum

133 1636 239 1678 missi
257 1641 296 1672 et
321 1649 359 1673 se
379 1642 418 1673 et
440 1648 508 1673 vos
527 1649 690 1682 novere;
719 1637 908 1674 discordia
926 1638 1104 1674 ordinum
1131 1642 1170 1674 et
1197 1650 1307 1674 vene·
1325 1653 1341 1677 ⁶

133 1713 225 1736 num
246 1700 360 1736 huius
380 1700 494 1746 urbis,
513 1704 667 1749 patrum
687 1714 729 1737 ac
748 1701 870 1750 plebis
889 1702 1108 1749 certamina,
1126 1702 1217 1738 dum
1238 1715 1307 1738 ncc

133 1764 243 1801 nobis
280 1764 431 1813 imperii
468 1777 536 1801 nec
574 1765 682 1801 vobis
719 1765 910 1801 libertatis
942 1770 1000 1801 est
1037 1766 1182 1811 modus,
1215 1766 1306 1802 dum

133 1827 249 1864 taedet
270 1839 338 1863 vos
362 1827 620 1876 patriciorum,
641 1841 712 1864 nos
736 1828 971 1877 plebeiorum
998 1829 1304 1878 magistratuum,

132 1891 320 1927 sustulere
347 1891 425 1927 illis
453 1891 610 1929 animos.
669 1892 745 1928 Pro
774 1892 887 1929 deum
917 1893 1042 1938 fidem,
1072 1893 1164 1941 quid
1198 1893 1306 1930 vobis
1325 1913 1340 1936 ⁷

133 1954 274 1991 vultis?
327 1954 518 1991 Tribunos
541 1955 662 2004 plebis
685 1956 915 2005 concupistis
928 1970 937 2003 ;
966 1957 1173 1993 concordiae
1192 1969 1306 1994 causa

132 2018 393 2056 concessimus.
452 2019 698 2056 Decemviros
734 2020 978 2057 desiderastis
991 2034 1000 2067 5
1042 2021 1162 2057 creari
1204 2021 1306 2070 passi

132 2095 273 2119 sumus.
334 2081 646 2119 Deccmvirorum
677 2095 742 2120 vos
770 2087 973 2132 pcrtaesum
1002 2088 1078 2130 est3
1113 2084 1304 2133 coegimus

133 2146 238 2182 abire
271 2146 508 2194 magistratu.
567 2146 754 2183 Manente
787 2147 828 2183 in
860 2147 1011 2183 eosdem
1045 2147 1215 2196 privatos
1248 2148 1305 2185 ira
1322 2161 1337 2186 8

134 2214 272 2252 vestra,
303 2209 398 2245 mori
427 2214 543 2258 atque
572 2210 747 2245 exsulare
775 2210 1030 2247 nobilissimos
1059 2211 1160 2247 viros
1188 2211 1304 2248 hono-
