1438 2466
114 184 219 210 ΔΕΗ.
241 171 335 223 449]
546 171 716 208 LIBER
755 170 838 208 III.
1212 169 1285 206 159

112 269 277 307 fortunae
296 282 374 306 rem
390 269 547 305 darent?
581 269 649 305 Ad
668 268 719 314 id,
741 267 843 317 quod
863 280 931 304 sua
949 271 1086 316 sponte
1104 267 1198 303 satis
1216 253 1288 303 col·
1306 269 1355 305 62

111 335 253 372 lectum
276 335 491 371 animorum
516 338 609 379 erat,
637 333 870 381 indignitate
895 332 1010 369 etiam
1037 331 1204 367 Romani
1227 344 1286 367 ac·

111 400 389 451 cendebantur:
404 399 479 435 iam
495 399 658 435 alterum
675 397 886 434 exercitum
902 397 1086 433 victorem
1101 396 1141 431 in
1154 396 1288 431 urbem

111 465 326 502 rediturum
342 478 352 511 ;
384 463 458 500 sibi
487 463 591 500 ultro
620 476 688 511 per
719 461 970 499 contumelias
998 459 1144 496 hostem
1173 459 1288 495 insul-

112 533 212 574 tare;
230 527 383 578 quando
401 532 532 563 autem
551 539 602 572 se,
623 527 656 563 si
676 532 760 562 tum
780 539 857 561 non
876 525 967 569 sint,
987 536 1097 573 pares
1116 522 1290 559 hostibus

111 593 210 629 fore?
238 592 320 630 Ubi
339 592 418 628 haec
437 591 600 628 fremere
618 591 782 627 militem
803 591 844 627 in
863 589 997 627 castris
1011 588 1143 626 consul
1158 588 1288 633 sensit,
1306 605 1320 621 2

111 656 288 692 contione
299 656 495 701 advocata,
512 653 900 700 “Quemadmodum''
918 653 1047 702 inquit
1063 653 1135 688 “in
1147 651 1290 700 Algido

72 736 76 739 ·
111 733 172 757 res
197 725 305 768 gesta
331 720 393 765 sit,
422 719 591 756 arbitror
618 732 697 764 vos,
727 719 880 765 milites,
909 718 1068 754 audisse.
1127 716 1288 760 Qualem

112 783 223 820 liberi
242 783 373 832 populi
392 783 604 819 exercitum
628 783 757 819 decuit
781 795 873 828 esse,
895 781 984 818 talis
1007 781 1101 827 fuit3
1134 780 1290 817 consilio

111 847 273 896 collegae,
296 847 441 884 virtute
460 847 629 883 militum
656 847 817 882 victoria
842 850 953 895 parta
978 850 1047 883 est.
1105 845 1217 890 Quod
1241 845 1290 881 ad
1307 862 1322 885 3

112 923 172 947 me
183 911 335 957 attinet,
353 911 391 947 id
406 911 556 948 consilii
570 911 766 960 animique
782 910 985 946 habiturus
999 923 1096 956 sum,
1110 909 1210 958 quod
1223 922 1290 945 vos

112 974 207 1011 mihi
235 975 411 1013 feceritis.
470 975 522 1011 Et
546 975 650 1011 trahi
675 975 819 1011 bellum
845 974 1050 1011 salubriter
1075 978 1114 1010 et
1139 980 1289 1010 mature

112 1039 242 1087 perfici
268 1044 403 1088 potest.
462 1039 504 1075 Si
529 1039 760 1075 trahendum
780 1043 848 1083 est,
870 1051 949 1086 ego,
970 1042 1016 1074 ut
1034 1038 1074 1074 in
1100 1037 1180 1074 dies
1205 1049 1291 1086 spes
1307 1053 1322 1076 4

112 1104 312 1153 virtusque
330 1109 457 1140 vestm
476 1108 630 1150 crescat,
648 1103 789 1149 eadem,
812 1116 887 1152 qua
907 1103 1072 1147 institui,
1089 1102 1291 1150 disciplina

111 1168 270 1205 efficiam
286 1181 296 1214 ;
332 1168 365 1204 si
401 1169 478 1204 iam
513 1168 607 1204 satis
643 1168 763 1204 animi
800 1172 858 1204 est
895 1166 1124 1215 decernique
1155 1166 1290 1215 placet,

111 1232 214 1281 agite
242 1232 345 1277 dum,
375 1232 590 1278 clamorem,
617 1231 770 1280 qualem
796 1231 838 1267 in
862 1231 942 1267 acie
968 1230 1158 1267 sublaturi
1186 1231 1289 1277 estis,

113 1295 238 1331 tollite
253 1295 315 1331 hic
329 1295 495 1331 iudicem
508 1295 721 1331 voluntatis
736 1295 971 1343 virtutisque
984 1294 1154 1331 vestrae.'’
1186 1294 1292 1331 Post-
1308 1314 1323 1338 5

112 1372 227 1408 quam
248 1359 396 1407 ingenti
415 1359 614 1395 alacritate
633 1359 774 1395 clamor
793 1363 852 1395 est
870 1359 1057 1403 sublatus,
1073 1359 1176 1408 quod
1195 1359 1291 1396 bene

114 1425 252 1466 vertat,
268 1426 467 1469 gesturum
481 1434 520 1458 se
535 1421 612 1458 illis
628 1435 770 1458 morem
786 1426 1012 1471 posteroque
1031 1423 1093 1459 die
1112 1423 1154 1458 in
1172 1423 1291 1459 aciem

114 1485 367 1522 deducturum
386 1486 560 1523 affirmat.
602 1487 812 1535 Reliquum
832 1487 909 1524 diei
927 1488 1156 1536 apparandis
1174 1488 1292 1525 armis

114 1554 385 1598 consumptum
403 1555 470 1587 est.
517 1550 676 1586 Postero
696 1551 758 1587 die
777 1551 892 1587 simul
912 1551 1055 1588 instrui
1075 1551 1290 1588 Romanam
1307 1563 1322 1587 6

114 1614 233 1650 aciem
247 1613 382 1650 Sabini
394 1614 534 1661 videre,
544 1620 583 1651 et
595 1615 680 1664 ipsi,
692 1615 769 1652 iam
782 1615 931 1664 pridem
943 1616 1047 1653 avidi
1060 1617 1292 1664 certaminis,

115 1677 335 1726 procedunt.
385 1677 571 1715 Proelium
591 1678 678 1724 fuit,
700 1679 813 1728 quale
832 1680 934 1716 inter
958 1679 1120 1717 fidentes
1138 1681 1293 1717 sibimet

115 1742 226 1779 ambo
262 1742 462 1787 exercitus,
492 1742 634 1779 veteris
661 1747 929 1792 perpetuaeque
957 1744 1122 1780 alterum
1149 1745 1290 1793 gloriae‚

115 1805 279 1842 alterum
306 1818 429 1854 nuper
452 1819 554 1842 nova
577 1806 739 1843 victoria
767 1807 920 1844 elatum.
979 1807 1148 1844 Consilio
1175 1809 1291 1845 etiam
1309 1826 1323 1849 7

117 1868 251 1905 Sabini
268 1869 366 1905 vires
379 1869 561 1906 adiuvere
569 1883 580 1915 ;
598 1882 688 1905 nam
703 1883 823 1919 quum
837 1876 1053 1919 aequassent
1066 1872 1197 1919 aciem,
1215 1872 1292 1909 duo

116 1938 227 1970 extra
245 1933 419 1970 ordinem
437 1933 569 1979 millia,
587 1947 671 1983 quae
691 1934 732 1970 in
751 1935 952 1971 sinistrum
968 1948 1086 1972 cornu
1103 1935 1292 1973 Romano-

116 2009 199 2034 rum
221 1997 263 2033 in
288 1997 370 2046 ipso
388 1998 594 2035 certamine
613 1998 901 2047 improesionem
921 1999 1101 2045 facerent,
1121 2003 1287 2037 tenuere.

117 2061 211 2106 Quae
231 2060 307 2106 ubi,
327 2060 447 2098 illatis
464 2074 514 2098 ex
523 2066 744 2099 transverso
755 2062 884 2112 signis,
901 2063 1164 2112 degravabant
1175 2077 1291 2114 prope
1307 2076 1322 2100 8

116 2124 419 2161 circumventum
446 2138 575 2172 cornu,
606 2126 754 2175 equites
781 2126 944 2163 duarum
973 2126 1177 2176 legionum,
1206 2140 1290 2165 sex-

117 2188 219 2225 centi
243 2188 333 2234 fere,
352 2201 403 2225 ex
428 2189 537 2238 equis
561 2189 747 2227 desiliunt
770 2189 1070 2239 cedentibusque
1095 2190 1173 2227 iam
1198 2191 1288 2238 suis,

117 2251 319 2302 provolant
345 2252 386 2289 in
413 2253 592 2302 primum,
612 2254 804 2304 simulque
831 2259 871 2292 et
897 2254 999 2291 hosti
1026 2268 1067 2292 se
1091 2262 1292 2305 opponunt
