1438 2466
146 119 222 157 128
671 118 733 154 LI
741 117 823 155 VII
1096 117 1227 170 [A.u.c.
1250 131 1325 169 305

141 216 265 265 plebis
293 216 388 253 odia.
447 215 574 251 Addit
605 219 791 251 terrorem
822 216 980 266 insuper
1007 216 1127 253 alium
1155 218 1321 255 fortuna.

110 292 125 316 5
143 281 267 330 AEqui
285 280 363 317 alia
381 293 429 317 ex
450 285 558 329 parte
577 284 703 316 castra
721 280 764 316 in
779 280 926 330 Algido
945 281 1075 318 locant
1093 281 1326 332 depopulan-

142 349 283 394 turque
305 345 396 381 inde
416 344 710 381 excursionibus
730 344 993 382 Tusculanum
1019 359 1154 396 agrum
1169 360 1180 394 ;
1207 347 1325 396 legati

141 423 198 448 'rue
217 423 363 448 decemvirs
381 429 428 447 are
455 409 503 445 ab
517 409 694 455 Tusculo,
709 410 931 458 praesidium
945 415 1110 456 orantes,
1123 411 1320 447 nuntiant.

107 481 123 505 6
141 454 425 509 ffissptetiiffslzeiiimtffm‘
454 474 495 510 Is
523 486 644 522 pavor
671 474 843 523 perpulit
871 474 1115 520 decemviros,
1145 479 1190 511 ut
1218 487 1325 511 sena—

141 542 237 584 tum,
259 538 372 574 simul
399 537 549 574 duobus
568 525 910 575 circumstantibus
936 539 1071 574 urbem
1097 538 1218 584 bellis,
1240 551 1324 575 con-

140 602 326 639 sulerent.
382 601 504 638 Citari
524 601 662 638 iubent
680 602 721 638 in
737 603 884 638 curiam
903 608 1044 651 patres,
1061 602 1166 639 haud
1185 604 1320 652 ignari,

107 685 121 708 7
140 672 288 717 quanta
314 666 472 703 invidiae
501 666 723 704 immineret
749 672 982 717 tempestas:
1015 681 1147 705 omnes
1179 669 1324 705 vastati

140 733 223 781 agri
251 731 586 780 periculorumque
614 732 904 769 imminentium
933 745 1066 769 causas
1097 733 1139 768 in
1171 745 1211 769 se
1238 745 1324 770 con·

139 801 326 845 gesturos
343 795 676 845 tentationemque
696 809 780 832 eam
796 797 877 833 fore
896 796 1074 833 abolendi
1094 797 1170 833 sibi
1189 797 1324 847 magis-

140 864 277 907 tratus,
306 860 347 895 ni
376 872 564 896 consensu
591 859 815 896 resisterent
844 860 1083 909 imperioque
1110 860 1323 897 inhibendo

139 924 279 961 acriter
308 923 350 959 in
383 936 525 972 paucos
556 923 774 972 praeferocis
803 924 923 960 animi
960 930 1120 961 conatus
1157 924 1322 961 aliorum

106 1003 120 1026 s
139 988 445 1037 comprimerent.
504 987 716 1036 Postquam
735 988 871 1024 audita
890 1001 967 1025 vox
986 988 1028 1024 in
1047 989 1128 1025 foro
1148 993 1207 1025 est
1226 1001 1320 1038 prae-

138 1053 244 1090 conis
268 1057 396 1102 patres
422 1053 463 1088 in
489 1052 632 1089 curiam
663 1052 712 1088 ad
741 1053 975 1090 decemviros
1001 1053 1185 1098 vocantis,
1212 1053 1323 1090 velut

138 1130 239 1154 nova
265 1130 337 1162 res,
368 1117 458 1166 quia
486 1116 779 1153 intermiserant
811 1117 889 1153 iam
917 1117 984 1153 diu
1013 1129 1158 1153 morem
1185 1129 1321 1154 consu-

138 1183 243 1219 lendi
262 1187 430 1228 senatus,
452 1181 723 1218 mirabundam
742 1182 891 1231 plebem
911 1182 1115 1226 convertit,
1135 1181 1320 1230 quidnam

138 1247 346 1291 incidisset,
368 1259 436 1282 cur
455 1259 504 1282 ex
526 1250 638 1282 tanto
657 1246 864 1283 intervallo
885 1259 965 1282 rem
985 1246 1183 1283 desuetam
1210 1258 1320 1282 usur-

104 1316 277 1361 9·pa1·ent
290 1326 300 1358 3
337 1310 514 1347 hostibus
551 1310 728 1359 belloque
760 1310 924 1360 gratiam
958 1310 1200 1357 habendam,>
1219 1311 1320 1360 quod

137 1376 295 1413 solitum
342 1375 547 1423 quicquam
593 1374 722 1411 liberae
768 1375 920 1411 civitati
966 1374 1084 1411 fieret.
1152 1374 1321 1411 Circum-

137 1446 309 1492 spectare
345 1440 523 1477 omnibus
559 1440 633 1475 fori
676 1439 854 1488 partibus
891 1444 1118 1485 senatorem,
1158 1452 1320 1489 raroque

135 1519 299 1556 usquam
331 1504 520 1541 noscitare
534 1517 543 1549 5
577 1503 723 1540 curiam
751 1504 842 1540 inde
869 1516 912 1540 ac
940 1503 1189 1540 solitudinem
1218 1503 1319 1540 circa

88 1593 119 1610 10
135 1570 372 1609 decemviros
401 1569 556 1614 intueri,
587 1581 705 1617 quum
736 1574 775 1605 et
807 1568 892 1617 ipsi,
924 1582 1111 1605 consensu
1146 1568 1317 1605 invisum

134 1635 352 1685 imperium,
369 1640 408 1670 ct
428 1633 546 1682 plebs,
563 1633 654 1681 quia
674 1633 838 1681 privatis
856 1633 917 1669 ius
937 1645 1016 1669 non
1035 1638 1135 1669 essct
1154 1633 1318 1669 vocandi

135 1704 324 1743 senatum,
346 1711 424 1734 non
444 1698 649 1734 convenire
674 1702 812 1746 patres,
835 1698 1187 1746 interpretarentur
1200 1711 1210 1744 3
1238 1698 1314 1734 iam

137 1765 309 1815 patefieri
330 1763 548 1799 libertatem
568 1762 767 1810 repetendi
784 1762 899 1807 viam,
915 1762 946 1797 si
961 1776 1000 1798 sc
1016 1763 1124 1811 plebs
1139 1762 1317 1799 comitem

137 1829 290 1868 senatui
310 1829 376 1864 det
395 1832 444 1872 et,
459 1826 780 1875 quemadmodum
802 1832 930 1874 patros
946 1827 1071 1862 vocati
1091 1840 1168 1863 non
1184 1831 1320 1864 coeant

87 1914 117 1931 11
139 1895 179 1930 in
198 1897 386 1937 senatum,
408 1890 461 1926 sic
482 1890 588 1939 plebs
607 1890 756 1926 abnuat
775 1891 970 1927 dilectum.
1031 1890 1127 1926 Haec
1147 1890 1320 1928 fremunt

139 1990 196 2014 'rue
217 1989 340 2014 senators
355 1987 423 2010 have
451 1954 589 2003 plebes.
651 1953 811 1990 l'atrum
836 1954 937 1990 haud
956 1954 1034 1990 fere
1053 1954 1256 2003 quisquam
1277 1954 1319 1991 in

138 2023 168 2044 ²0
195 2019 233 2044 ³²0
263 2017 423 2043 ⁸¹¹¹¹¹¹¹¹0¹¹0d
452 2018 546 2062 foro,
581 2017 622 2052 in
660 2018 754 2053 urbe
788 2018 864 2053 rari
898 2022 1017 2053 erant.
1078 2017 1319 2066 Indignitate

139 2052 208 2076 from
224 2050 293 2074 their
309 2051 423 2078 country

139 2079 424 2137 {fflffiffissssffifffr’ffl
454 2095 581 2119 rerum
619 2088 810 2118 cesserant
848 2082 888 2117 in
925 2095 1046 2131 agros,
1085 2094 1318 2131 suarumque

140 2144 186 2168 ²¹¹⁰
197 2141 408 2173 ⁰³²''i¹¹‘¹³⁸’3¹²³‘“
452 2159 578 2183 rernm
600 2151 722 2193 crant,
743 2147 884 2183 amissa
907 2146 1070 2195 publica,
1094 2150 1248 2183 tantum
1271 2146 1319 2183 ab

140 2214 284 2251 iniuria
309 2226 348 2250 se
373 2213 504 2250 abesse
530 2213 616 2260 rati,
641 2218 830 2261 quantum
859 2226 882 2249 a
910 2218 1009 2250 coetu
1039 2225 1318 2262 congressuque
