1438 2466
135 130 183 167 70
652 132 801 170 LIVII
956 131 1085 185 [Auo.
1106 134 1311 182 281-283

132 231 323 279 agendum
343 245 386 268 ac
405 232 662 281 cogitandum,
684 232 875 281 quomodo
894 233 1097 270 resistatur
1115 233 1290 282 patribus
1303 247 1314 280 3

100 316 114 340 3
132 294 173 331 id
191 300 322 332 autem
341 309 463 332 unum
483 296 687 333 consilium
707 310 800 341 esse,
819 301 865 333 ut
883 311 924 334 se
943 297 1028 347 ipsa
1053 297 1171 346 plebs,
1191 310 1312 347 quan-

133 359 182 396 do
201 360 307 397 aliud
327 361 427 397 nihil
452 361 592 398 auxilii
618 361 769 407 habeat,
798 361 990 399 defendat.
1051 361 1250 405 Quattuor
1274 365 1315 398 et

134 425 275 474 viginti
294 426 449 462 lictores
468 439 653 475 apparere
673 425 906 473 consulibus,
927 433 967 462 et
986 439 1050 462 eos
1068 426 1172 475 ipsos
1191 426 1316 475 plebis

134 490 308 527 homines
322 506 332 538 3
361 490 460 527 nihil
486 491 748 540 contemptius
776 504 901 540 neque
929 491 1132 537 infirmius,
1162 491 1195 528 si
1222 491 1313 537 sint,

135 557 201 605 qui
229 561 506 604 contemnant3
536 557 611 594 sibi
639 570 830 607 quemque
858 570 903 594 ea
925 570 1066 606 magna
1090 561 1207 606 atque
1232 557 1314 594 hor-

101 638 113 659 ⁴
135 620 254 656 renda
271 620 406 657 facere.
457 621 535 658 His
555 622 715 659 vocibus
734 622 802 658 alii
821 622 916 658 alios
935 635 1055 671 quum
1075 622 1314 667 incitassent,

132 683 181 720 ad
213 683 450 721 Voleronem
485 685 713 732 Publilium,
752 685 800 722 de
832 686 943 735 plebe
972 685 1182 731 hominem,
1212 685 1315 734 quia,

133 749 235 797 quod
256 750 410 786 ordines
431 750 617 794 duxisset,
638 755 798 800 negaret
816 764 857 788 se
876 751 1041 787 militem
1062 751 1145 787 fieri
1165 751 1314 796 debere,

100 832 114 855 5
132 814 246 850 lictor
274 815 413 851 missus
442 819 501 852 est
528 829 551 851 a
578 816 809 852 consulibus.
868 815 1014 852 Volero
1045 815 1217 864 appellat
1247 814 1316 851 tri-

135 878 266 914 bunos.
327 877 458 922 Quum
486 879 633 916 auxilio
661 892 774 916 nemo
804 883 914 925 esset,
954 879 1130 916 consules
1158 878 1316 928 spoliari

134 942 329 979 hominem
358 947 398 979 et
425 943 554 993 virgas
583 945 757 993 expediri
785 945 932 981 iubent.
992 945 1234 981 “Provoco''
1262 945 1316 980 in-

133 1007 220 1056 quit
242 1008 325 1044 “ad
344 1008 532 1057 populum
546 1009 565 1026 ⁷'
586 1009 744 1056 Volero,
769 1009 990 1059 “quoniam
1018 1009 1167 1045 tribuni
1192 1009 1316 1045 civem

135 1073 358 1109 Romanum
381 1073 423 1108 in
449 1077 656 1122 conspectu
682 1086 752 1110 suo
772 1073 892 1122 virgis
912 1073 1006 1109 caedi
1025 1073 1178 1109 malunt
1197 1086 1315 1122 quam

133 1136 208 1185 ipsi
245 1136 287 1172 in
325 1136 424 1173 lecto
462 1149 531 1173 suo
568 1150 592 1172 a
628 1137 737 1173 vobis
775 1137 972 1173 trucidari.
1032 1137 1118 1181 Quo
1151 1137 1317 1174 ferocius

133 1202 367 1247 clamitabat,
406 1214 450 1238 eo
488 1201 668 1238 infestius
705 1201 1027 1238 circumscindere
1065 1206 1105 1238 et
1151 1202 1316 1251 spoliare

99 1279 114 1303 6
133 1266 256 1304 lictor.
314 1266 413 1303 Tum
434 1267 590 1312 Volero,
622 1272 661 1302 et
689 1266 903 1315 praevalens
929 1266 1011 1315 ipse
1034 1270 1074 1303 et
1098 1266 1315 1303 adiuvanti-

133 1332 205 1368 bus
233 1332 440 1379 advocatis,
472 1331 626 1381 repulso
654 1331 801 1377 lictore,
832 1331 900 1367 ubi
928 1330 1219 1381 indignantium
1248 1344 1317 1381 pro

133 1408 173 1432 se
199 1396 408 1433 acerrimus
433 1400 517 1433 erat
542 1396 696 1442 clamor,
719 1409 763 1432 eo
789 1408 828 1432 se
848 1396 890 1431 in
909 1396 1065 1432 turbam
1086 1395 1318 1432 confertissi-

100 1483 114 1506 7
133 1473 235 1496 mam
268 1460 418 1509 recipit,
453 1460 680 1497 clamitans:
727 1459 938 1496 “Provoco
977 1464 1017 1496 et
1049 1460 1164 1496 fidem
1194 1460 1317 1509 plebis

133 1524 307 1574 imploro.
366 1525 529 1571 Adeste,
561 1525 687 1573 cives,
718 1524 859 1572 adeste,
893 1524 1180 1576 commiliones;
1218 1523 1317 1561 nihil

134 1594 202 1635 est,
243 1589 345 1638 quod
383 1589 614 1638 exspectetis
651 1590 840 1634 tribunos,
881 1589 1021 1638 quibus
1058 1589 1152 1638 ipsis
1189 1593 1318 1626 vestro

99 1667 113 1691 8
133 1654 281 1691 auxilio
310 1667 406 1703 opus
435 1654 527 1691 est.’'
587 1653 781 1691 Ooncitati
809 1654 985 1691 homines
1005 1654 1129 1691 veluti
1152 1654 1200 1690 ad
1223 1667 1318 1704 proe-

135 1719 230 1755 lium
269 1731 308 1755 se
347 1718 574 1767 expediunt,
615 1719 912 1768 apparebatque,
953 1731 1066 1755 omne
1112 1718 1318 1755 discrimen

132 1784 265 1820 adesse
279 1797 288 1830 3
317 1783 416 1819 nihil
443 1784 623 1833 cuiquam
649 1789 826 1821 sanctum
854 1797 932 1820 non
958 1784 1105 1833 publici
1124 1784 1216 1830 fore,
1238 1797 1317 1821 non

99 1866 115 1890 9
133 1847 277 1896 privati
309 1847 414 1884 iuris.
476 1848 581 1884 Huic
615 1852 733 1885 tantae
764 1848 986 1898 tempestati
1015 1861 1136 1898 quum
1164 1861 1204 1885 se
1231 1861 1317 1886 con-

134 1911 235 1948 sules
267 1911 513 1957 obtulissent,
546 1911 659 1948 facile
690 1912 841 1961 experti
878 1915 981 1957 sunt,
1021 1925 1157 1961 parum
1190 1915 1317 1949 tutam

138 1977 383 2014 maiestatem
420 1977 504 2014 sine
540 1977 690 2015 viribus
727 1990 817 2015 esse.
895 1977 1067 2014 Violatis
1104 1977 1316 2025 lictoribus,

136 2042 302 2079 fascibus
322 2042 467 2088 fractis,
484 2055 504 2079 e
524 2042 607 2079 foro
627 2043 668 2079 in
689 2043 834 2079 curiam
850 2042 1149 2092 compelluntur,
1166 2043 1316 2089 incerti,

85 2124 116 2141 ιο
134 2110 325 2156 quatenus
354 2106 502 2144 Volero
532 2111 729 2144 exerceret
763 2107 976 2144 victoriam.
1035 2106 1319 2144 Conticiscente

135 2171 275 2208 deinde
306 2172 492 2218 tumultu,
527 2185 646 2221 quum
676 2172 716 2208 iu
746 2176 924 2208 sonatum
946 2171 1075 2209 vocari
1103 2172 1316 2218 iussissent,

135 2242 354 2287 queruntur
381 2237 545 2274 iniurias
573 2250 672 2282 suas,
705 2237 783 2273 vim
813 2237 946 2286 plebis,
970 2235 1177 2273 Voleronis
1205 2235 1318 2272 auda-
