1438 2466
113 148 218 175 ΑΒΗ.
241 137 334 190 471]
565 135 737 175 LIBER
774 138 832 177 II.
1239 142 1287 178 75

111 236 264 273 animus
299 249 419 285 quum
462 237 621 286 insuper
656 237 789 274 saevire
828 237 955 283 vellet,
994 237 1288 286 contionemque

111 299 326 346 advocaret,
347 304 581 337 concurrunt
607 300 655 337 ad
683 313 772 337 eum
800 300 920 350 legati
947 300 1185 349 tribunique,
1212 313 1289 337 mo-

112 367 260 409 nentes,
282 376 331 400 ne
350 363 485 413 utique
505 363 672 412 experiri
703 363 820 400 vellet
846 364 1062 413 imperium,
1093 365 1201 401 cuius
1230 365 1288 401 vis

111 427 236 464 omnis
264 427 305 464 in
333 440 519 465 consensu
546 427 809 465 obedientium
838 433 960 475 esset3
1002 441 1143 477 negare
1172 429 1288 477 vulgo

112 492 266 539 milites,
299 505 338 530 se
366 492 416 530 ad
448 493 665 530 contionem
698 494 830 539 ituros,
865 494 1082 543 passimque
1111 494 1287 530 exaudiri
1309 512 1323 535 5

112 568 223 593 voces
241 557 534 605 postulantium,
555 561 601 594 ut
618 561 744 594 castra
763 570 811 594 ex
831 557 973 594 Volsco
995 570 1087 606 agro
1113 570 1287 594 movean-

112 625 180 657 tur
192 633 203 667 ;
232 621 379 658 hostem
406 621 592 657 victorem
620 621 737 670 paulo
765 626 855 658 ante
880 634 998 670 prope
1027 621 1069 657 in
1096 621 1218 670 portis
1245 633 1288 657 ac

86 723 90 726 ,
112 685 215 722 vallo
238 685 367 731 fuisse,
393 685 640 735 ingentisque
666 685 759 721 mali
781 698 858 722 non
883 685 1137 735 suspicionem
1162 686 1286 732 modo,

111 749 178 786 sed
206 753 379 798 apertam
409 749 572 798 speciem
604 749 801 785 obversari
833 752 924 785 ante
951 749 1088 785 oculos.
1147 748 1288 785 Victus
1307 761 1323 786 6

111 812 277 859 tandem,
308 813 463 862 quando
492 812 648 862 quidem
679 812 777 849 nihil
809 817 949 861 praeter
988 818 1139 861 tempus
1176 825 1286 849 noxae

111 876 364 923 lucrarentur,
386 877 526 914 omissa
544 877 723 914 contione
744 878 819 914 iter
836 877 878 913 in
897 877 1164 926 insequentem
1184 877 1286 914 diem

111 940 355 990 pronuntiari
369 953 489 990 quum
507 940 691 987 iussisset,
709 941 835 990 prima
855 942 939 978 luce
958 941 1115 978 classico
1134 941 1286 991 signum

112 1003 361 1052 profectionis
393 1005 510 1042 dedit.
574 1004 704 1049 Quum
735 1005 903 1041 maxime
935 1017 1074 1054 agmen
1104 1018 1125 1042 e
1155 1006 1288 1042 castris
1307 1020 1322 1044 7

113 1069 383 1119 explicaretur,
406 1069 552 1115 Volsci,
573 1074 619 1106 ut
645 1069 778 1107 eodem
803 1069 911 1119 signo
936 1069 1107 1115 excitati,
1129 1069 1288 1106 novissi-

112 1147 194 1170 mos
223 1133 466 1170 adoriuntur.
524 1134 561 1169 A
595 1133 736 1182 quibus
767 1133 940 1182 perlatus
972 1133 1021 1170 ad
1052 1133 1197 1182 primos
1226 1138 1287 1170 tu-

112 1197 259 1234 multus
296 1210 340 1234 eo
370 1209 511 1246 pavore
543 1197 729 1246 signaque
762 1202 801 1234 et
830 1197 984 1234 ordines
1017 1197 1204 1245 turbavit,
1243 1202 1289 1234 ut

112 1273 237 1311 neque
272 1261 434 1310 imperia
471 1261 649 1298 exaudiri
686 1273 809 1310 neque
840 1261 983 1298 instrui
1015 1262 1114 1298 acies
1147 1266 1284 1311 posset.

111 1324 238 1361 Nemo
257 1323 375 1360 ullius
394 1325 470 1360 nisi
489 1323 590 1373 fugae
611 1337 766 1362 memor.
825 1324 891 1360 Ita
909 1324 1030 1361 effuso
1049 1324 1202 1374 agmine
1220 1338 1289 1375 per
1306 1338 1322 1362 s

111 1394 275 1438 stragem
302 1401 505 1438 corporum
530 1401 801 1438 armorumque
823 1401 989 1435 evasere,
1011 1394 1056 1426 ut
1079 1390 1188 1440 prius
1205 1390 1289 1428 hos-

110 1453 163 1490 tis
191 1452 395 1489 desisteret
417 1453 526 1502 sequi
553 1465 669 1503 quam
696 1453 895 1490 Romanus
919 1453 1061 1503 fugere.
1118 1453 1288 1490 Tandem
1307 1475 1323 1499 9

110 1517 280 1554 collectis
311 1530 361 1553 ex
393 1517 580 1566 dissipato
612 1530 726 1554 cursu
756 1517 959 1563 militibus,
993 1518 1138 1564 consul,
1168 1531 1287 1567 quum

110 1580 324 1619 revocando
343 1582 598 1631 nequicquam
618 1595 708 1619 suos
726 1587 949 1631 persecutus
968 1587 1077 1629 esset,
1094 1583 1135 1619 in
1155 1587 1289 1632 pacato

110 1658 202 1696 agro
231 1651 357 1689 castra
393 1647 523 1696 posuit
535 1659 545 1693 3
584 1646 847 1696 advocataque
880 1647 1068 1694 contione,
1111 1647 1288 1684 invectus

110 1710 215 1747 haud
245 1711 342 1748 falso
373 1712 415 1748 in
447 1711 682 1760 proditorem
716 1711 930 1748 exercitum
963 1711 1145 1749 militaris
1179 1711 1289 1749 disci-

111 1775 237 1824 plinae,
275 1775 507 1812 desertorem
545 1775 754 1825 signorum,
792 1776 861 1812 ubi
898 1776 1019 1825 signa,
1067 1776 1134 1813 ubi
1179 1788 1288 1819 arma
1307 1794 1340 1812 ιο

110 1844 248 1886 essent,
267 1839 438 1890 singulos
456 1839 640 1890 rogitem,
660 1840 828 1877 inermes
845 1839 999 1887 milites,
1021 1839 1131 1889 signo
1148 1839 1289 1877 amisso

110 1905 321 1955 signiferos,
342 1905 390 1942 ad
414 1904 487 1942 hoc
508 1904 755 1942 centuriones
773 1904 1092 1955 duplicariosque,
1112 1904 1181 1953 qui
1199 1904 1285 1941 reli-
1308 1923 1336 1940 n

110 1973 276 2018 querant
302 1968 467 2015 ordines,
489 1969 610 2018 virgis
637 1981 750 2006 caesos
778 1969 902 2006 securi
920 1968 1134 2018 percussit,
1162 1973 1288 2006 cetera

109 2032 323 2070 multitudo
341 2038 444 2070 sorte
462 2033 633 2071 decimus
653 2033 815 2083 quisque
835 2033 883 2070 ad
903 2033 1136 2082 supplicium
1157 2032 1257 2070 lecti.

190 2097 338 2135 Contra
373 2110 419 2135 ea
453 2097 496 2134 in
532 2097 676 2147 AEquis
712 2098 816 2135 inter
844 2097 1040 2135 consulem
1072 2110 1116 2134 ac
1142 2098 1287 2136 milites
1307 2098 1356 2136 60

108 2162 291 2200 comitate
317 2176 362 2200 ac
382 2163 575 2201 beneficiis
594 2167 784 2201 certatum
799 2168 868 2201 est.
918 2163 971 2200 Et
990 2168 1131 2201 natura
1147 2163 1287 2209 Quinc-

109 2227 188 2264 tius
206 2232 290 2264 erat
308 2227 440 2272 lenior,
455 2232 496 2264 et
513 2228 662 2264 saevitia
681 2227 820 2264 infelix
839 2228 1003 2277 collegae,
1019 2241 1096 2277 quo
1114 2229 1147 2266 is
1166 2230 1288 2279 magis
