1438 2466
87 167 194 194 aen.
217 154 311 208 459]
533 155 704 193 LIBER
741 156 825 193 III.
1196 157 1265 193 111

91 252 205 289 scisse
233 252 430 299 Antiates,
453 253 555 302 apud
583 253 783 302 plerosque
811 259 987 291 auctores
1015 253 1196 299 inveni03
1225 253 1267 292 L.

93 315 315 353 Cornelium
346 315 541 353 consulem
571 316 611 352 id
643 317 787 353 bellum
818 318 975 366 gessisse
1012 317 1272 366 oppidumque

93 379 243 428 cepisse.
303 380 462 416 Certum
498 380 699 426 affirmare,
733 381 825 430 quia
862 381 970 417 nulla
1006 381 1110 430 apud
1147 385 1272 417 vetus-

92 443 210 480 tiores
228 443 430 492 scriptores
448 443 531 480 eius
549 444 606 480 rei
623 445 769 481 mentio
787 449 855 492 est,
880 457 958 481 non
977 444 1109 481 ausim.

174 507 262 544 Hoc
277 507 377 544 bello
391 507 570 556 perfecto,
585 508 838 545 tribunicium
859 509 961 545 domi
981 508 1125 544 bellum
1145 512 1273 556 patres
1292 509 1342 545 24

93 572 267 610 territat:
288 571 470 609 Clamant
483 571 618 608 fraude
634 572 728 618 fieri,
742 572 845 621 quod
865 572 957 608 foris
990 608 1273 632 TribunicianWan-at

96 640 274 673 teneatur
302 635 520 681 exercitus;
552 636 842 672 frustrationem
874 649 953 672 eam
990 639 1076 663 ¹¹0¹110·
1095 639 1275 669 Thepfflesect

990 670 1018 693 os
1027 670 1073 694 the
1084 669 1136 699 city
1148 676 1275 700 procures

44 736 48 739 ,
96 698 190 747 legis
209 697 387 734 tollendae
406 711 503 744 esse;
529 711 568 735 se
587 699 710 735 nihilo
729 699 858 736 minus
877 712 956 735 rem
990 700 1275 755 mnepcffigffissffiffi

95 766 311 810 susceptam
336 767 564 811 peracturos.
623 762 806 799 Obtinuit
831 768 960 799 tamen
993 761 1137 815 fflttffistegf
1150 761 1276 816 ¹2:2³2&ss
1293 787 1305 801 ‘2

97 826 140 863 L.
156 826 360 863 Lucretius
379 826 580 875 praefectus
596 828 714 874 urbis,
729 833 774 864 ut
793 829 962 865 actiones
993 822 1128 876 ᾖξζιὸῥῃξξξ
1141 822 1276 879 ζίῖξξῗῃῖῗξ

97 890 314 927 tribuniciae
332 891 374 927 in
388 891 599 928 adventum
614 893 815 930 consulum
835 893 960 930 differ·
993 883 1090 942 ξζῖυῗζε
1102 883 1215 938 ξςῗᾷξρᾎ
1239 883 1280 937 οὲξ

97 959 243 991 rentur.
279 954 374 991 Erat
386 959 426 991 et
436 967 538 991 nova
549 960 685 992 exorta
696 969 809 993 causa
821 961 958 994 motus.
1012 944 1277 1004 ξ”ιξὲἕωςζῗιιιῖῗκὲῗᾶ
1293 976 1307 999 3

97 1018 146 1055 A.
171 1018 372 1055 Cornelius
400 1024 439 1054 et
467 1018 512 1062 Q.
541 1019 728 1056 Servilius
755 1025 961 1069 quaestorcs
995 1005 1132 1034 (lm-⁴³⁸

98 1082 153 1119 M.
176 1081 342 1127 Volscio,
364 1083 466 1131 quod
485 1083 604 1119 falsus
623 1083 725 1120 haud
746 1084 862 1121 dubie
881 1085 990 1121 testis
1014 1085 1055 1121 in
1083 1085 1275 1122 Caesoncm

98 1146 322 1194 exstitisset,
362 1146 464 1183 diem
501 1147 692 1185 dixerant.
760 1148 899 1184 Multis
935 1149 1038 1185 enim
1076 1149 1279 1186 emanabat
1295 1168 1306 1190 4

98 1208 262 1257 indiciis,
295 1222 418 1258 neque
448 1209 608 1246 fratrem
639 1211 799 1255 Volscii,
831 1224 879 1247 ex
910 1224 985 1260 quo
1015 1211 1131 1248 semel
1161 1211 1279 1248 fuerit

98 1287 208 1325 aeger,
230 1287 400 1324 unquam
422 1287 499 1311 non
519 1275 631 1312 modo
649 1275 776 1312 visum
802 1276 843 1312 in
873 1275 1035 1325 publico,
1058 1276 1123 1312 sed
1148 1288 1197 1312 ne
1224 1289 1277 1312 as-

99 1340 310 1378 surrexisse
329 1340 484 1389 quidem
509 1353 558 1377 ex
584 1341 728 1389 morbo,
749 1341 1037 1390 multorumque
1063 1341 1151 1378 tabe
1173 1353 1277 1377 men·
1298 1363 1311 1386 5

100 1417 186 1441 sum
204 1408 412 1449 mortuum,
426 1417 496 1440 nec
514 1405 563 1440 iis
582 1405 830 1454 temporibus,
846 1405 886 1440 in
905 1417 990 1454 quae
1009 1404 1119 1441 testis
1134 1404 1278 1441 crimen

100 1468 331 1516 coniecisset,
355 1468 549 1506 Caesonem
577 1469 709 1506 Romae
739 1470 876 1515 visum,
898 1469 1190 1516 affirmantibus,
1212 1471 1278 1519 qui

102 1546 181 1570 una
199 1537 432 1579 meruerant,
454 1545 582 1570 secum
602 1546 690 1569 eum
716 1537 799 1569 tum
827 1531 1069 1581 frequentem
1095 1532 1145 1570 ad
1170 1533 1279 1581 signa

101 1598 184 1634 sine
211 1597 291 1633 ullo
318 1602 534 1634 commeatu
561 1598 690 1637 fuisse.
749 1598 839 1636 Nisi
858 1601 913 1635 ita
939 1602 1047 1643 esset,
1069 1597 1184 1634 multi
1206 1599 1279 1647 pri-

103 1661 224 1701 vatim
243 1660 422 1698 ferebant
440 1661 597 1698 Volscio
623 1661 798 1699 iudicem.
857 1661 988 1706 Quum
1015 1660 1064 1697 ad
1093 1660 1278 1698 iudicium
1298 1676 1313 1700 6

102 1727 158 1763 ire
183 1739 261 1763 non
288 1725 459 1772 auderet,
481 1739 613 1762 omnes
641 1739 693 1762 eae
721 1739 781 1763 res
809 1726 851 1762 in
879 1738 999 1762 unum
1027 1730 1280 1775 congruentes

102 1791 206 1829 haud
235 1791 355 1840 magis
382 1790 540 1827 dubiam
567 1791 855 1832 damnationem
875 1790 1034 1836 Volscii,
1055 1802 1171 1839 quam
1200 1789 1278 1827 Cae-

103 1855 207 1891 sonis
226 1854 383 1890 Volscio
402 1858 500 1891 teste
521 1854 659 1899 fuerat,
682 1853 885 1891 faciebant.
936 1853 985 1890 In
1005 1866 1113 1890 mora
1131 1854 1277 1890 tribuni
1298 1880 1311 1903 7

104 1924 225 1965 erant,
248 1920 314 1968 qui
334 1919 489 1956 comitia
508 1926 718 1968 quaestores
736 1919 878 1956 habere
903 1919 951 1955 de
974 1931 1050 1966 reo,
1070 1918 1147 1955 nisi
1172 1918 1280 1968 prius

105 1984 238 2021 habita
256 1983 303 2021 de
321 1983 405 2032 lege
423 1988 558 2031 essent,
580 1995 757 2033 passuros
776 1983 978 2032 negabant.
1029 1982 1093 2018 Ita
1106 1985 1280 2019 extracta

105 2053 269 2098 utraque
287 2060 348 2085 res
366 2048 407 2085 in
427 2048 624 2085 consulum
650 2047 862 2084 adventum
887 2049 954 2083 est.
1014 2045 1090 2090 Qui
1119 2045 1187 2082 ubi
1214 2046 1280 2083 tri·
1297 2065 1312 2088 g

106 2112 335 2162 umphantes
354 2112 498 2150 victore
517 2124 604 2148 cum
623 2110 798 2148 exercitu
824 2109 958 2146 urbem
982 2108 1166 2153 inierunt,
1188 2109 1281 2157 quia

105 2177 302 2214 silentium
322 2177 370 2214 de
388 2176 470 2226 lege
488 2181 582 2224 erat,
596 2175 791 2226 perculsos
810 2187 950 2223 magna
967 2186 1055 2223 pars
1073 2173 1280 2211 credebant

106 2241 306 2287 tribunos3
341 2245 383 2278 at
409 2241 469 2278 illi
498 2240 657 2291 (etenim
685 2244 900 2276 extremum
930 2238 1023 2275 anni
1055 2237 1132 2275 iam
1165 2238 1277 2289 erat),
1295 2268 1311 2291 9
