1438 2466
85 168 189 195 acu.
213 153 438 207 457—451]
529 154 699 192 LIBER
737 154 821 191 III.
1193 153 1260 190 121

84 254 132 291 de
164 253 314 303 legibus
341 252 579 296 conveniret,
608 251 655 287 de
685 250 807 286 latore
836 253 991 286 tantum
1020 249 1265 298 discreparet,

84 317 192 355 missi
220 316 338 366 legati
365 315 544 352 Athenas
573 315 637 364 Sp.
670 314 895 351 Postumius
924 313 1062 358 Albus,
1085 313 1134 350 A.
1158 313 1269 349 Man-

85 382 172 427 lius.
202 381 245 418 P.
283 379 478 429 Sulpicius
510 379 749 426 Camerinus,
784 378 956 426 iussique
985 377 1140 414 inclitas
1168 377 1270 426 leges

85 446 238 483 Solom's
267 445 480 482 describere
510 448 550 480 et
579 444 744 480 aliarum
775 442 933 479 Graeciae
962 441 1182 478 civitatium
1214 441 1270 477 in-

85 511 238 555 stituta,
259 522 383 546 mores
402 509 565 557 iuraque
585 522 747 545 noscere.

168 575 232 611 Ab
269 574 441 611 externis
479 573 590 609 bellis
627 572 783 621 quietus
820 584 945 608 annus
978 571 1066 617 fuit,
1101 569 1271 619 quietior
1286 571 1335 608 32

86 639 301 688 insequens,
326 638 368 675 P.
391 637 566 674 Curiatio
581 641 621 673 et
635 636 721 673 Sex.
740 635 955 680 Quinctilio
983 649 1184 674 neturnortne
1193 648 1270 679 pesti-

36 725 40 729 ·
87 704 317 748 consulibus,
356 707 542 752 perpetuo
589 701 744 737 silentio
782 701 954 737 tribuno·
984 681 1271 746 {3553’52513‡‚g¹¹‘1?5.

89 782 187 815 rum,
207 768 310 817 quod
335 768 460 816 primo
486 767 712 815 legatorum,
735 766 803 814 qui
833 766 955 802 Athe·
983 748 1072 796 ἑεῃιῗῖἷο-
1087 742 1178 771 bemgs
1218 741 1271 765 and

88 846 158 870 nas
190 833 326 877 ierant,
361 832 565 880 legumque
593 829 882 879 peregrinarum
916 830 1152 879 exspectatio
1181 843 1272 879 prae-

91 897 186 942 buit,
207 896 296 932 dein
322 896 398 932 duo
423 895 538 931 simul
565 895 668 930 mala
693 894 868 942 ingentia
887 899 1032 942 exorta,
1053 895 1175 932 fames
1194 908 1272 944 pes-
1289 911 1302 927 2

89 960 330 1009 tilentiaque‚
359 959 459 996 foeda
490 959 650 1004 homini,
681 958 782 993 foeda
808 959 945 1006 pecori.
1003 959 1163 995 Vastati
1190 959 1272 1008 agri

89 1029 193 1070 sunt,
214 1024 306 1060 urbs
326 1023 490 1060 assiduis
505 1023 694 1059 exhausta
709 1022 909 1058 funeribus
920 1036 929 1069 3
951 1023 1083 1058 multae
1103 1028 1142 1059 et
1161 1022 1271 1058 clarae

90 1090 273 1139 lugubres
305 1090 452 1126 domus.
512 1089 672 1125 Flamen
707 1087 924 1131 Quirinalis
957 1088 1034 1124 Ser.
1072 1088 1304 1130 Cornelius3

90 1160 278 1200 mortuus,
299 1167 423 1204 augur
449 1155 488 1191 C.
519 1153 711 1189 Homtius
731 1152 936 1198 Pulvillus,
958 1152 1000 1188 in
1019 1153 1128 1189 cuius
1148 1153 1273 1189 locum

93 1220 133 1257 O.
157 1220 367 1256 Veturium
388 1232 431 1255 eo
451 1219 638 1268 cupidius,
661 1218 752 1267 quia
777 1218 984 1255 damnatus
1010 1231 1033 1255 a
1048 1219 1158 1267 plebe
1178 1223 1272 1265 erat,

93 1296 257 1333 augures
276 1283 410 1332 legere.
462 1283 645 1319 Mortuus
665 1281 796 1318 consul
818 1280 1067 1329 Quinctilius,
1089 1286 1276 1331 quattuor
1291 1304 1304 1326 ⁴

93 1348 243 1384 tribuni
280 1347 393 1397 plebi.
452 1346 665 1396 Multiplici
702 1346 808 1382 clade
847 1346 1014 1383 foedatus
1051 1360 1176 1384 annus
1184 1362 1194 1395 ;
1227 1349 1275 1384 ab

92 1411 201 1448 hoste
239 1412 362 1448 otium
400 1411 487 1449 fuit.
547 1412 646 1448 Inde
684 1413 860 1449 consules
898 1412 938 1449 O.
975 1412 1194 1460 Menenius,
1229 1413 1272 1451 P.
1292 1433 1306 1456 5

94 1477 241 1514 Sestius
261 1477 515 1526 Capitolinus.
574 1477 712 1526 Neque
742 1490 786 1513 eo
816 1490 918 1514 anno
948 1478 1153 1527 quicquam
1184 1478 1276 1515 belli

93 1542 246 1579 externi
275 1542 368 1589 fuit3
397 1542 503 1578 domi
532 1547 660 1578 motus
691 1543 777 1579 orti.
838 1543 923 1579 Iam
943 1543 1138 1580 redierant
1156 1544 1273 1593 legati
1291 1556 1307 1580 6

94 1619 181 1643 cum
212 1606 360 1642 Atticis
390 1605 547 1655 legibus.
607 1606 664 1642 Eo
685 1606 875 1643 intentius
895 1607 1095 1643 instabant
1115 1608 1274 1656 tribuni,

94 1674 139 1706 ut
159 1669 315 1706 tandem
335 1669 622 1706 scribendarum
644 1670 771 1719 legum
791 1670 949 1707 initium
968 1671 1089 1708 fieret.
1130 1672 1274 1719 Placet,

94 1733 214 1770 creari
233 1733 469 1770 decemviros
488 1734 570 1770 sine
590 1734 872 1783 provocatione,
890 1738 929 1771 et
943 1747 991 1771 ne
1006 1735 1092 1784 quis
1112 1749 1156 1772 eo
1175 1750 1278 1773 anno

95 1799 195 1835 alius
241 1798 490 1847 magistratus
536 1804 646 1836 esset.
707 1799 1078 1836 Admiscerenturne
1124 1800 1275 1849 plebeii,
1294 1822 1307 1844 7

95 1863 356 1900 controversia
392 1864 628 1913 aliquamdiu
675 1865 748 1901 fuit
763 1878 772 1911 3
817 1869 1010 1914 postremo
1056 1878 1275 1903 concessum

96 1927 284 1976 patribus,
315 1927 428 1964 modo
462 1940 510 1963 ne
543 1928 606 1964 lex
641 1928 752 1964 Icilia
785 1928 832 1965 de
873 1929 1075 1964 Aventino
1117 1929 1277 1980 aliaeque

95 1995 252 2028 sacratae
272 1991 373 2040 leges
391 1992 679 2041 abrogarentur.

177 2057 296 2092 Anno
333 2057 605 2094 trecentesimo
642 2057 775 2103 altero,
815 2070 930 2106 quam
965 2059 1120 2095 condita
1152 2059 1277 2097 Roma
1291 2059 1340 2097 33

97 2124 191 2167 erat,
212 2121 355 2157 iterum
375 2125 551 2158 mutatur
569 2122 692 2159 forma
711 2123 893 2168 civitatis,
915 2123 963 2159 ab
990 2142 1047 2166 Th„
1062 2143 1276 2169 comm55350„,.„3

97 2184 318 2221 consulibus
354 2186 402 2222 ad
439 2186 685 2231 decemviros,
720 2187 963 2236 quemadmn-
991 2174 1277 2236 {3333dequssss

98 2249 190 2285 dum
217 2249 265 2285 ab
292 2250 447 2298 regibus
471 2257 562 2286 ante
587 2251 635 2286 ad
656 2251 828 2287 consules
849 2264 957 2287 vene·
988 2236 1278 2296 igndrca‘iiniiiisis'c'iffi
