1438 2466
124 154 227 181 Α.011.
249 141 342 194 488]
572 144 744 181 LIBER
780 145 805 181 I
804 147 837 183 I.
1250 151 1297 187 49

123 245 286 278 matrem
315 241 509 278 Coriolani
536 241 864 292 Volumniamque
894 256 1052 280 uxorem
1082 245 1299 293 frequentes

123 311 273 343 coeunt.
330 305 379 343 Id
415 306 613 356 publicum
645 308 848 344 consilium
880 321 931 344 an
959 309 1158 345 muliebris
1186 309 1302 346 timor

123 369 254 416 fuerit,
275 382 412 419 parum
435 370 618 419 invenio5
646 372 839 421 pervicere
857 376 971 419 certe,
994 377 1039 409 ut
1063 377 1102 409 et
1121 372 1299 420 Veturia,
1319 396 1332 411 2

123 447 263 484 magno
299 440 395 472 natu
431 435 582 483 mulier,
621 440 662 473 et
698 436 911 474 Volumnia
948 437 1042 473 duos
1079 450 1217 486 parvos
1253 451 1302 475 ex

123 499 271 536 Marcio
290 499 416 537 ferens
440 499 541 537 filios
560 512 689 537 secum
711 501 753 537 in
779 506 904 538 castra
928 500 1095 538 hostium
1123 501 1226 538 irent
1250 506 1299 548 et,

123 564 304 613 quoniam
341 564 459 602 armis
496 565 572 601 viri
608 565 812 602 defendere
848 565 982 602 urbem
1019 578 1098 603 non
1135 572 1299 615 possent,

124 627 303 665 mulieres
334 628 509 678 precibus
540 628 782 678 lacrimisque
814 629 1076 666 defenderent.
1133 629 1216 667 Ubi
1253 630 1301 667 ad
1320 652 1333 675 3

80 735 84 739 ¹
123 696 249 729 castra
266 697 428 729 ventum
447 697 506 729 est
524 693 825 742 nuntiatumque
852 693 1056 730 Coriolano
1082 698 1151 739 est,
1173 694 1302 731 adesse

123 756 259 806 ingens
285 757 492 794 mulierum
525 770 673 806 agmen,
703 758 838 807 primo,
869 762 915 794 ut
947 757 1014 806 qui
1047 770 1116 794 nec
1147 758 1302 807 publica

123 820 324 858 maiestate
355 821 398 858 in
425 821 561 871 legatis
588 834 658 858 nec
686 822 727 858 in
754 821 1014 858 sacerdotibus
1041 826 1152 858 tanta
1181 822 1302 859 offusa

124 885 246 922 oculis
263 885 469 935 animoque
493 886 678 935 religione
703 891 832 923 motus
858 890 966 931 esset,
988 886 1112 923 multo
1137 886 1302 923 obstina-

124 950 200 987 tior
235 950 419 988 adversus
447 951 624 988 lacrimas
649 951 856 987 muliebres
880 955 963 987 erat
976 964 986 997 3
1023 951 1113 988 dein
1140 950 1302 988 familia-
1317 971 1332 994 ⁴

124 1013 225 1050 rium
261 1014 429 1063 quidam,
468 1015 537 1064 qui
573 1014 765 1064 insignem
803 1014 983 1051 maestitia
1019 1015 1122 1051 inter
1158 1019 1302 1053 ceteras

123 1083 355 1127 cognoverat
382 1077 599 1125 Veturiam,
630 1078 733 1115 inter
760 1091 901 1114 nurum
935 1083 1168 1128 nepotesque
1199 1083 1301 1117 stan-

123 1147 213 1189 tem,
237 1142 362 1179 “Nisi
380 1155 441 1180 me
467 1143 705 1180 frustrantur
716 1142 735 1159 '²
755 1142 884 1191 inquit
911 1144 933 1162 “
947 1142 1058 1189 oculi,
1080 1147 1204 1180 mater
1227 1145 1301 1181 tibi

123 1208 342 1257 coniuxque
379 1212 419 1245 et
455 1208 568 1244 liberi
605 1207 781 1244 adsunt.'’
837 1207 1065 1245 Coriolanus
1102 1221 1219 1258 prope
1256 1216 1301 1246 ut
1319 1228 1332 1251 5

123 1283 255 1308 amens
283 1275 552 1308 consternatus
581 1271 630 1307 ab
660 1271 748 1308 sede
776 1284 847 1308 sua
878 1283 999 1321 quum
1031 1271 1152 1309 ferret
1185 1274 1301 1310 matri

123 1335 247 1372 obviae
273 1335 528 1384 complexum,
553 1335 693 1372 mulier
720 1335 762 1371 in
789 1335 886 1371 iram
914 1348 963 1372 ex
990 1336 1167 1384 precibus
1192 1349 1301 1375 versa

126 1403 147 1420 ‘⁴
160 1399 264 1446 Sine,
284 1400 509 1450 priusquam
537 1400 779 1449 complexum
807 1401 960 1449 accipio,
987 1401 1131 1437 sciam'⁷
1158 1402 1298 1451 inquit,

126 1463 209 1501 “ad
227 1463 377 1501 hostem
396 1477 447 1501 an
465 1464 514 1500 ad
536 1464 660 1500 filium
680 1464 863 1510 venerim,
883 1464 1037 1514 captiva
1062 1470 1234 1503 materne
1258 1466 1300 1503 in

123 1527 259 1565 castris
289 1528 369 1565 tuis
401 1529 486 1565 sim.
543 1528 592 1564 In
624 1527 696 1565 hoc
726 1541 788 1565 me
824 1528 938 1578 longa
970 1528 1053 1565 vita
1089 1532 1129 1566 et
1164 1530 1301 1567 infelix
1317 1541 1332 1566 6

125 1596 277 1629 senecta
295 1593 429 1639 traxit,
449 1597 494 1629 111
513 1592 684 1629 exsulem
703 1597 753 1639 te,
775 1593 912 1630 deinde
938 1593 1086 1630 hostem
1106 1594 1301 1632 viderem?

126 1656 296 1701 Potuisti
322 1657 501 1706 populari
527 1657 626 1694 hanc
654 1662 808 1703 terram,
839 1671 923 1707 quae
951 1662 990 1695 te
1018 1659 1153 1707 genuit
1183 1664 1300 1710 atque
1316 1678 1331 1701 7

125 1721 249 1758 aluit?
303 1721 396 1758 Non
429 1722 513 1769 tibi,
544 1722 721 1772 quamvis
752 1721 896 1760 infesto
927 1723 1056 1760 animo
1089 1728 1128 1761 et
1159 1725 1300 1762 minaci

125 1798 364 1835 perveneras,
384 1786 618 1836 ingredienti
636 1787 732 1824 fines
750 1787 809 1823 ira
833 1787 970 1824 cecidit
986 1788 999 1824 2
1054 1787 1157 1835 Non,
1179 1801 1297 1838 quum

125 1851 166 1887 111
191 1855 397 1900 conspectu
426 1850 553 1888 Roma
575 1851 665 1896 fuit,
686 1852 899 1889 succurrit:
929 1852 1042 1889 Intra
1066 1853 1134 1889 illa
1159 1854 1299 1891 moenia

123 1914 260 1951 domus
286 1928 330 1952 ac
356 1919 513 1965 penates
540 1915 616 1952 mei
643 1920 745 1963 sunt,
766 1920 899 1963 mater,
920 1917 1059 1953 coniux
1088 1916 1300 1967 liberique?

125 1978 226 2027 Ergo
258 1991 327 2027 ego
354 1979 429 2016 nisi
457 1979 698 2028 peperissem,
728 1980 856 2018 Roma
882 1993 960 2017 non
987 1986 1275 2030 oppugnaretur
1286 1996 1296 2030 3
1313 1994 1328 2019 8

121 2042 197 2079 nisi
230 2043 352 2079 filium
386 2043 576 2090 haberem,
608 2045 730 2082 libera
761 2046 803 2082 in
834 2045 956 2082 libera
987 2046 1114 2095 patria
1145 2051 1297 2084 mortua

121 2118 253 2144 essem.
310 2106 384 2143 Sed
411 2119 481 2157 ego
507 2107 605 2144 nihil
632 2108 711 2145 iam
739 2108 822 2158 pati
849 2122 919 2146 nec
945 2109 1019 2145 tibi
1048 2109 1200 2158 turpius
1227 2123 1297 2148 nec

119 2169 216 2206 mihi
252 2170 427 2207 miserius
462 2183 628 2220 possum,
666 2185 746 2218 nec,
785 2178 831 2209 ut
866 2173 938 2209 sim
975 2173 1199 2220 miserrima,
1229 2174 1296 2211 diu

119 2232 252 2270 futura
269 2247 354 2285 sum
369 2247 380 2281 3
409 2234 456 2271 de
474 2234 536 2272 his
556 2235 706 2282 videris,
728 2249 834 2285 quos,
854 2237 887 2273 si
913 2236 1052 2286 pergis,
1072 2240 1141 2273 aut
1164 2235 1296 2275 imma-
1311 2250 1327 2274 9

232 2314 264 2343 s.
287 2313 325 2343 L.
1156 2308 1181 2345 4
