1438 2466
138 133 242 160 A.0H.
266 122 492 175 473—471]
591 122 764 160 LIBER
802 123 860 160 II.
1265 125 1311 164 71

138 219 245 257 ciam.
305 219 445 256 Multis
473 219 652 256 ferociter
679 219 794 256 dictis
822 220 1040 264 sententiis,
1070 221 1194 257 vicere
1221 222 1315 258 seni·
1337 243 1364 259 u

137 296 234 331 ores,
254 285 395 333 quibus
422 284 481 321 ira
507 289 664 333 patrum
692 283 877 321 adversus
905 283 1165 321 temeritatem
1193 285 1315 334 plebis

138 349 277 385 certari
296 361 374 386 non
393 348 551 398 placuit.

217 409 451 447 Voleronem
471 409 651 459 amplexa
671 410 802 447 favore
821 410 928 459 plebs
949 410 1134 459 proximis
1149 412 1314 449 comitiis
1335 411 1381 448 56

139 473 341 510 tribunum
360 474 464 523 plebi
483 478 588 511 creat
606 475 647 510 in
671 488 758 511 eum
784 488 941 521 annum,
963 475 1029 524 qui
1063 505 1194 529 Publilius
1214 506 1313 531 mmcd

139 538 181 574 L.
205 537 419 585 Pinarium,
440 538 480 574 P.
500 538 663 574 Furium
685 538 860 575 consules
880 538 1026 574 habuit.
1062 536 1175 572 “ibussstffi
1203 537 1314 562 ”¹0¹ss

1064 566 1183 601 qumra
1196 568 1210 578 ‘¹
1219 570 1248 591 ut
1261 568 1313 597 ple-

139 602 359 651 Contraque
388 601 561 638 omnium
589 602 820 651 opinionem,
846 602 912 651 qui
940 614 1026 638 eum
1061 597 1314 653 ξ’,ἳῖυξίῗὲζζξῇξξξζ
1334 626 1347 641 2

91 712 95 715 q
139 666 326 704 vexandis
354 666 492 715 prioris
519 667 614 702 anni
635 667 856 703 consulibus
875 667 1028 715 permis-
1062 658 1314 717 ἷὶξζξξᾶ”·ωῃιξζῑξζ

140 744 274 768 surum
303 731 548 768 tribunatum
577 731 798 777 credebant,
827 735 913 780 post
938 731 1031 780 pub·
1064 719 1114 743 ΒΜ
1127 719 1236 744 carried.

139 794 254 831 licam
280 807 433 831 causam
459 795 612 844 privato
635 795 765 831 dolore
791 794 934 840 habito,
956 807 1004 830 ne
1025 795 1139 831 verbo
1159 794 1313 843 quidem

140 860 295 897 violatis
322 860 555 906 consulibus,
576 861 815 910 rogationem
844 860 939 897 tulit
966 861 1015 897 ad
1045 862 1240 911 populum,
1269 865 1314 898 ut

139 922 278 971 plebeii
307 923 559 971 magistratus
595 922 754 959 tributis
790 923 956 959 comitiis
989 924 1133 960 fierent.
1194 924 1313 961 Haud
1333 935 1347 958 3

138 998 258 1035 parva
300 998 360 1023 res
402 986 472 1022 sub
508 985 626 1022 titulo
664 985 789 1034 prima
824 986 948 1034 specie
989 986 1148 1024 minime
1193 988 1314 1024 atroci

139 1051 342 1097 ferebatur,
381 1050 448 1087 sed
484 1063 568 1100 quae
601 1049 775 1099 patriciis
804 1063 957 1087 omnem
985 1055 1214 1100 potestatem
1247 1064 1319 1101 per

138 1115 338 1152 clientium
376 1115 559 1164 suffragia
596 1114 760 1160 creandi,
799 1127 895 1163 quos
941 1115 1098 1161 vellent,
1138 1116 1315 1153 tribunos

137 1180 318 1217 auferret.
368 1180 475 1216 Huic
493 1179 638 1217 actioni
655 1179 883 1229 gratissimae
901 1180 1007 1229 plebi
1025 1193 1144 1230 quum
1164 1179 1318 1218 summa‘
1333 1199 1346 1221 ⁴

138 1243 178 1279 vi
198 1243 423 1281 resisterent
441 1248 581 1292 patres,
602 1256 682 1290 nec,
703 1256 787 1293 quae
808 1256 886 1280 una
905 1244 969 1280 via
987 1244 1035 1281 ad
1056 1245 1310 1282 resistendum

137 1312 231 1354 erat,
266 1312 312 1344 ut
345 1307 602 1345 intercederet
634 1309 773 1357 aliquis
805 1322 853 1345 ex
883 1309 1052 1358 collegio,
1083 1310 1313 1347 auctoritate

137 1377 207 1410 aut
226 1373 427 1410 consulum
445 1377 515 1410 aut
533 1373 752 1422 principum
775 1373 916 1410 adduci
941 1379 1078 1423 posset,
1100 1387 1160 1411 res
1182 1379 1312 1412 tamen

137 1449 206 1473 suo
242 1437 326 1486 ipsa
361 1436 558 1473 molimine
595 1437 724 1486 gravis
760 1436 1036 1473 certaminibus
1081 1438 1122 1474 in
1167 1451 1313 1474 annum

138 1499 368 1538 extrahitur.
426 1499 540 1536 Plebs
570 1500 803 1537 Voleronem
832 1500 1035 1537 tribunum
1068 1501 1214 1546 reficit;
1251 1514 1313 1550 pa·
1333 1522 1346 1544 5

137 1568 227 1611 tres,
265 1564 315 1601 ad
352 1564 533 1601 ultimum
572 1564 833 1601 dimicationis
871 1565 948 1602 rati
986 1577 1067 1602 rem
1096 1571 1312 1611 venturam,

138 1629 239 1680 App.
265 1628 470 1666 Claudium
495 1629 598 1678 App.
620 1628 754 1676 filium,
776 1629 853 1665 iam
882 1629 971 1665 inde
996 1642 1019 1666 a
1043 1630 1214 1678 paternis
1238 1643 1312 1667 eer-

137 1693 349 1730 taminibus
381 1693 552 1730 invisum
585 1693 846 1743 infestumque
879 1693 993 1743 plebi,
1029 1695 1223 1731 consulem
1259 1695 1311 1732 fa-

137 1758 256 1795 ciunt.
314 1757 470 1807 Collega
489 1757 524 1794 ei
543 1757 586 1794 T.
610 1757 816 1802 Quinctius
836 1757 962 1794 datur.

215 1822 411 1873 Principio
441 1823 575 1860 statim
606 1824 699 1860 anni
729 1823 829 1859 nihil
863 1823 969 1872 prius
998 1837 1113 1873 quam
1151 1801 1197 1860 de
1230 1824 1312 1875 lege
1331 1838 1346 1862 ⁶

136 1886 331 1936 agebatur.
389 1886 465 1924 Sed
484 1891 530 1923 ut
548 1887 732 1924 inventor
751 1887 846 1936 legis
861 1887 1016 1933 Volero,
1037 1887 1091 1923 sic
1112 1887 1310 1934 Laetorius,

136 1950 280 2000 collega
306 1950 399 1997 eius,
420 1955 555 1988 auctor
581 1964 702 2000 quum
731 1951 931 1998 recentior,
954 1956 1038 1987 tum
1067 1951 1190 1987 acrior
1215 1956 1309 1989 erat.

137 2015 316 2052 Ferocem
339 2014 507 2053 faciebat
532 2015 624 2052 belli
648 2015 772 2065 gloria
796 2016 942 2065 ingens,
965 2015 1067 2065 quod
1086 2015 1212 2052 aetatis
1230 2016 1313 2054 eius
1331 2036 1345 2060 7

136 2079 239 2116 haud
263 2079 468 2128 quisquam
493 2092 610 2116 manu
637 2080 851 2129 promptior
870 2084 963 2118 erat.
1020 2080 1072 2127 Is,
1092 2093 1211 2130 quum
1233 2082 1310 2119 Vo-

135 2145 215 2181 lero
233 2144 332 2180 nihil
352 2148 608 2194 praeterquam
628 2145 675 2181 de
694 2145 778 2194 lege
802 2145 1038 2194 loqueretur,
1059 2145 1312 2184 insectatione

135 2207 332 2245 abstinens
365 2207 576 2256 consulum,
602 2208 683 2258 ipse
711 2209 994 2245 accusationem
1027 2208 1144 2258 Appii
1173 2209 1310 2247 famili-
