1438 2466
152 134 200 171 86
670 132 732 168 LI
741 132 822 169 VII
1103 130 1233 183 [A.U.C.
1259 146 1334 182 290

149 231 333 277 Quinctio
352 231 560 268 subitarios
585 231 731 268 milites
757 231 830 282 (ita
857 236 941 268 tum
963 231 1167 280 repentina
1186 231 1334 268 auxilia

108 296 129 333 5
149 297 412 347 appellabant)
428 296 534 333 iussi.
593 296 713 333 Multi
728 309 796 346 per
815 308 878 333 eos
898 296 978 333 dies
997 300 1125 333 motus
1144 296 1334 346 multique

148 361 317 410 impetus
345 361 436 397 hinc
464 364 581 409 atque
609 360 717 396 illinc
745 360 848 406 facti,
870 360 972 409 quia,
1003 364 1211 409 superante
1238 361 1334 397 mul-

147 426 329 471 titudine,
350 425 479 461 hostes
498 437 652 474 carpere
673 424 925 461 multifariam
944 425 1045 461 vires
1067 425 1271 471 Romanas,
1288 430 1334 461 ut

115 514 129 530 2
147 504 225 528 non
244 491 470 527 suffecturas
488 489 538 525 ad
557 489 698 535 omnia,
720 490 887 538 aggressi
915 494 1008 526 sunt
1023 503 1033 536 3
1064 490 1180 526 simul
1209 495 1334 527 castra

147 554 482 604 oppugnabantur,
506 553 622 590 simul
650 567 740 603 pars
770 555 962 591 exercitus
990 554 1039 591 ad
1067 555 1331 604 populandum

147 632 284 669 agrum
312 619 535 655 Romanum
564 618 680 655 missa
707 619 919 668 urbemque
947 619 1081 668 ipsam,
1104 619 1136 655 si
1165 631 1241 668 qua
1260 620 1332 656 for-

115 708 130 732 3
148 691 245 723 tuna
274 685 394 731 daret,
430 684 671 722 tentandam.
730 683 772 721 L.
809 684 993 721 Valerius
1025 684 1074 720 ad
1111 684 1332 732 praesidium

147 750 255 786 urbis
285 749 453 795 relictus,
485 749 619 786 consul
653 749 879 786 Postumius
917 749 966 785 ad
999 749 1184 785 arcendas
1216 761 1333 798 popu-

115 833 130 855 ⁴
147 814 312 851 lationes
336 814 474 850 finium
493 813 642 850 missus.
701 813 815 850 Nihil
835 813 1039 850 remissum
1059 813 1108 849 ab
1123 813 1204 849 ulla
1223 817 1333 862 parte

148 891 248 915 curae
284 882 353 915 aut
399 878 568 924 laboris;
617 878 759 927 vigiliae
796 878 838 913 in
870 878 976 924 urbe,
1018 877 1205 914 stationes
1242 881 1334 913 ante

147 947 277 993 portas
304 942 557 992 praesidiaque
589 943 631 978 in
661 943 782 979 muris
820 942 1018 992 disposita,
1053 947 1102 990 et,
1135 943 1237 992 quod
1268 956 1332 980 ne-

148 1020 250 1044 cesse
282 1011 366 1043 erat
395 1006 437 1042 in
473 1010 585 1042 tanto
622 1006 807 1052 tumultu,
847 1005 1043 1042 iustitium
1080 1018 1148 1054 per
1185 1006 1334 1056 aliquot

115 1092 129 1115 5
147 1071 229 1107 dies
266 1074 475 1107 servatum.
544 1069 711 1106 Interim
748 1070 791 1105 in
828 1070 965 1106 castris
1004 1070 1146 1106 Furius
1186 1070 1332 1116 consul,

147 1149 266 1185 quum
295 1135 420 1184 primo
449 1135 604 1184 quietus
636 1134 874 1171 obsidionem
904 1147 1038 1183 passus
1069 1138 1179 1181 esset,
1209 1135 1251 1170 in
1280 1135 1336 1171 in-

148 1205 306 1237 cautum
329 1200 479 1236 hostem
508 1200 720 1237 decumana
748 1204 860 1249 porta
888 1200 1027 1249 erupit,
1050 1205 1089 1237 et
1108 1213 1228 1250 quum
1254 1214 1336 1250 per-

148 1264 258 1314 sequi
285 1268 422 1313 posset,
453 1269 560 1300 metu
589 1264 776 1311 substitit,
808 1277 856 1300 ne
885 1277 961 1313 qua
989 1277 1038 1301 ex
1070 1269 1181 1313 parte
1213 1265 1336 1301 altera

115 1338 131 1362 6
148 1327 191 1363 in
230 1330 358 1362 castra
390 1325 450 1362 vis
480 1325 599 1363 fieret.
658 1326 821 1362 Furium
850 1326 1021 1376 legatum
1060 1326 1198 1377 (frater
1231 1326 1335 1367 ¹idem

149 1391 317 1429 consulis
352 1390 452 1441 erat)
487 1391 640 1440 longius
678 1390 822 1427 extulit
855 1403 1011 1437 cursus3
1049 1404 1119 1427 nec
1149 1403 1237 1427 suos
1269 1391 1335 1428 ille

148 1455 353 1493 redeuntes
375 1455 631 1506 persequendi
660 1455 791 1491 studio
813 1468 938 1504 neque
965 1455 1135 1492 hostium
1158 1455 1207 1491 ab
1226 1459 1335 1505 tergo

148 1521 347 1558 incursum
384 1520 495 1558 vidit.
554 1520 619 1556 Ita
655 1520 844 1567 exclusus,
885 1520 1018 1556 multis
1055 1532 1154 1569 saepe
1190 1520 1336 1556 frustra

148 1585 350 1623 conatibus
370 1586 503 1635 captis,
526 1590 572 1622 ut
591 1586 695 1622 viam
715 1585 790 1622 sibi
809 1585 857 1622 ad
877 1591 1001 1622 castra
1020 1585 1175 1632 faceret,
1193 1587 1335 1624 acriter

115 1674 130 1697 7
148 1651 336 1688 dimicans
350 1650 498 1687 cecidit.
548 1651 600 1687 Et
615 1651 748 1687 consul
767 1650 907 1687 nuntio
928 1650 1185 1688 circumventi
1202 1651 1336 1689 fratris

148 1728 354 1753 conversus
383 1715 433 1752 ad
463 1728 645 1765 pugnam,
681 1715 774 1752 dum
807 1728 846 1752 se
876 1719 1020 1751 temere
1059 1716 1182 1765 magis
1219 1728 1335 1765 quam

148 1781 244 1818 satis
273 1783 384 1817 caute
413 1779 456 1815 in
485 1779 650 1815 mediam
689 1779 977 1816 dimicationem
1011 1779 1143 1825 infert,
1174 1779 1336 1817 vulnere

149 1850 305 1895 accepto
337 1857 435 1894 aegre
468 1845 516 1881 ab
544 1844 887 1881 circumstantibus
917 1849 1074 1893 ereptus
1105 1848 1146 1882 et
1177 1857 1333 1882 suorum

117 1924 132 1948 8
149 1912 299 1949 animos
326 1910 504 1948 turbavit
531 1914 572 1946 et
597 1910 798 1947 ferociores
827 1910 956 1947 hostes
984 1911 1076 1947 fecit
1091 1924 1101 1958 5
1140 1912 1206 1960 qui
1235 1913 1337 1949 caede

150 1975 266 2026 legati
312 1979 351 2011 et
392 1973 559 2011 consulis
596 1973 758 2010 vulnere
794 1975 942 2010 accensi
976 1974 1086 2010 nulla
1122 1975 1260 2012 deinde
1297 1977 1337 2013 vi

151 2039 336 2077 sustineri
374 2043 545 2088 potuere,
576 2039 673 2088 quin
701 2039 889 2088 compulsi
927 2039 969 2075 in
1006 2044 1132 2076 castra
1171 2039 1338 2077 Romani

151 2118 285 2143 rursus
313 2104 583 2141 obsiderentur
610 2117 680 2140 ncc
708 2117 773 2153 spc
802 2117 872 2141 nec
905 2104 1053 2141 viribus
1081 2117 1201 2153 pares.
1261 2105 1339 2142 Ve-

152 2175 349 2220 nissctquc
370 2172 409 2208 in
430 2172 645 2220 periculum
666 2185 817 2209 summa
842 2185 983 2218 rerum,
1004 2173 1045 2209 ni
1064 2173 1106 2209 T.
1133 2172 1340 2217 Quinctius

154 2238 366 2289 peregrinis
404 2238 533 2287 copiis,
577 2238 716 2274 Latino
748 2238 999 2287 Hernicoque
1037 2240 1222 2285 exercitu,
1254 2240 1340 2276 sub-
