1438 2466
132 135 236 162 Ami.
259 122 353 175 494]
585 124 755 160 LIBER
793 125 851 161 II.
1263 127 1308 161 :37

132 219 242 256 fectae
254 232 265 266 3
292 223 411 256 ternae
438 219 529 256 inde
555 220 655 258 datae
682 221 913 268 consulibus,
935 227 1120 271 quattuor
1148 222 1311 259 dictator

132 297 236 322 usus.

211 349 295 386 Nec
322 349 399 386 iam
425 353 578 398 poterat
597 350 743 387 bellum
763 350 922 387 differri.
980 351 1103 401 AEqui
1124 351 1307 388 Latinum
1329 361 1344 385 e

132 426 269 463 agrum
305 414 540 451 invaserant.
601 414 783 451 Oratores
821 415 1051 452 Latinorum
1088 416 1136 452 ab
1173 421 1310 453 senatu

133 479 328 527 petebant,
364 484 410 515 ut
441 483 511 515 aut
541 479 746 516 mitterent
781 480 997 516 subsidium
1034 486 1103 517 aut
1132 493 1172 517 se
1209 481 1311 529 ipsos

132 543 366 581 tuendorum
383 544 520 580 finium
540 556 653 581 causa
671 557 805 593 capere
820 557 928 581 arma
943 545 1124 582 sinerent.
1172 545 1312 582 Tutius
1330 559 1346 582 9

133 607 260 644 visum
289 612 347 644 est
374 607 529 644 defendi
556 608 722 645 inermes
750 607 911 645 Latinos
936 621 1052 657 quam
1073 608 1155 657 pati
1174 613 1312 645 retrac-

109 705 112 709 .
133 675 216 708 tare
235 683 350 709 arma.
400 670 591 708 Vetusius
609 672 742 709 consul
762 672 901 709 missus
920 677 979 709 est
994 685 1003 719 ;
1032 673 1064 708 is
1084 672 1172 708 finis
1192 685 1309 721 popu-

133 734 345 772 lationibus
370 734 458 772 fuit.
517 735 673 773 Cessere
692 735 817 785 AEqui
836 735 992 784 campis,
1013 735 1171 784 locoque
1191 735 1311 784 magis

132 811 250 848 quam
268 799 385 835 armis
404 799 495 836 freti
509 801 670 837 summis
688 813 727 837 se
746 799 846 848 iugis
861 799 1053 836 montium
1067 799 1309 836 tutabantur.

133 863 251 900 Alter
277 863 411 901 consul
438 865 480 901 in
499 864 662 902 Volscos
690 865 896 914 profectus,
919 877 968 901 ne
996 869 1035 901 et
1062 864 1144 913 ipse
1169 868 1312 901 tereret
1331 881 1362 898 10

133 933 296 976 tempus,
314 928 510 965 vastandis
529 928 697 965 maxime
715 929 818 977 agris
837 928 986 965 hostem
1013 927 1062 964 ad
1077 926 1311 964 conferenda

134 993 294 1042 propius
321 997 448 1030 castra
475 993 816 1042 dimicandumque
846 992 926 1030 acie
956 992 1110 1029 excivit.
1179 992 1312 1029 Medio
1331 1005 1359 1021 1¹

133 1056 237 1094 inter
255 1061 382 1094 castra
400 1070 544 1106 campo,
566 1062 658 1094 ante
677 1070 789 1093 suum
811 1057 972 1106 quisque
988 1055 1144 1101 vallum,
1162 1056 1313 1092 infestis

133 1121 253 1170 signis
289 1121 506 1158 constitere.
578 1120 841 1158 Multitudine
886 1121 1131 1170 aliquantum
1178 1121 1311 1157 Volsci
1329 1135 1359 1151 ¹2

133 1184 394 1234 superabant3
442 1185 574 1234 itaque
619 1185 732 1222 effusi
768 1189 808 1221 et
844 1185 1097 1234 contemptim
1142 1196 1311 1234 pugnam

133 1249 264 1287 iniere.
323 1249 466 1287 Consul
503 1249 706 1286 Romanus
742 1261 812 1285 nec
849 1248 1045 1297 promovit
1081 1247 1212 1294 aciem,
1242 1261 1312 1285 nec

133 1315 339 1352 clamorem
366 1314 478 1351 reddi
501 1327 645 1363 passus,
667 1313 804 1350 defixis
829 1312 918 1362 pilis
943 1318 1046 1349 stare
1067 1325 1156 1349 suos
1175 1313 1311 1349 iussit:

134 1379 203 1416 ubi
239 1379 288 1415 ad
326 1391 483 1415 manum
514 1377 684 1415 venisset
712 1377 844 1424 hostis,
870 1382 954 1413 tum
983 1381 1133 1414 coortos
1161 1381 1245 1413 tota
1272 1376 1313 1412 vi

134 1442 272 1492 gladiis
308 1455 390 1479 rem
427 1454 568 1491 gerere.
626 1441 761 1478 Volsci
797 1453 911 1477 cursu
949 1445 988 1477 et
1024 1439 1190 1477 clamore
1222 1439 1314 1476 fessi
1331 1455 1361 1478 ιι

135 1519 254 1556 quum
279 1519 319 1544 se
337 1506 448 1543 velut
471 1505 720 1555 stupentibus
739 1509 846 1541 metu
865 1504 1092 1541 intulissent
1111 1503 1310 1550 Romanis,

136 1576 336 1620 postquam
366 1570 658 1619 impressionem
686 1582 837 1607 sensere
860 1582 908 1606 ex
931 1570 1092 1606 adverso
1111 1568 1255 1606 factam
1273 1572 1313 1604 et

135 1640 226 1672 ante
259 1634 389 1672 oculos
418 1635 560 1671 micare
588 1634 746 1683 gladios,
780 1633 884 1670 haud
914 1646 1021 1670 secus
1053 1645 1169 1682 quam
1206 1632 1239 1669 si
1271 1632 1313 1668 in

136 1700 297 1737 insidias
324 1700 560 1746 incidissent,
592 1699 740 1736 turbati
769 1703 930 1735 vertunt
957 1703 1090 1748 terga3
1121 1703 1161 1735 et
1187 1711 1236 1735 ne
1263 1698 1312 1735 ad

136 1764 269 1815 fugam
297 1764 454 1815 quidem
481 1764 576 1802 satis
604 1764 747 1800 virium
775 1763 861 1810 fuit,
889 1763 981 1812 quia
1008 1776 1122 1799 cursu
1151 1763 1192 1799 in
1220 1776 1313 1813 proe-

137 1829 234 1866 lium
262 1829 398 1866 ierant.
457 1827 626 1864 Romani
654 1831 801 1872 contra,
832 1827 924 1876 quia
956 1827 1145 1876 principio
1175 1840 1312 1876 pugnae
1333 1844 1362 1866 ι,

138 1893 261 1942 quieti
301 1897 502 1940 steterant,
541 1891 717 1941 vigentes
763 1890 996 1939 corporibus,
1035 1890 1146 1927 facile
1182 1891 1315 1940 adepti

138 1958 258 1995 fessos
287 1963 326 1995 et
355 1963 481 1995 castra
510 1957 657 2006 impetu
687 1960 871 2004 ceperunt
908 1960 947 1991 et
979 1955 1114 1991 castris
1151 1959 1314 1991 exutum

138 2023 289 2060 hostem
317 2022 492 2059 Velitras
519 2021 711 2071 persecuti
744 2033 822 2057 uno
851 2019 1004 2069 agmine
1034 2019 1198 2056 victores
1225 2032 1313 2056 cum

140 2087 254 2124 victis
281 2086 322 2122 in
350 2086 486 2123 urbem
513 2085 687 2134 irrupere
702 2098 712 2132 5
742 2084 905 2133 plusque
932 2083 989 2119 ibi
1013 2083 1212 2131 sanguinis
1230 2095 1313 2132 pro·
1334 2103 1363 2125 15

139 2152 285 2188 misena
314 2150 487 2188 omnium
520 2163 701 2200 generum
734 2148 833 2185 eaede
869 2159 985 2196 quam
1023 2147 1064 2182 in
1094 2147 1177 2195 ipsa
1205 2147 1314 2183 dimi-

139 2218 290 2254 catione
320 2217 477 2253 factum.
536 2215 675 2252 Paucis
706 2214 797 2251 data
826 2212 950 2258 venia,
985 2211 1051 2261 qui
1080 2212 1244 2249 inermes
1272 2212 1314 2248 in
1333 2211 1379 2248 31
