1438 2466
131 136 236 165 Len.
259 124 353 178 471]
408 159 414 162 .
585 126 756 163 LIBER
797 126 852 163 II.
1257 126 1307 163 73

131 223 255 271 tium,
288 236 366 262 non
393 224 474 261 vim
500 237 611 261 suam
639 224 718 261 illis
745 228 899 274 tempus
926 224 1211 273 adempturum,
1241 224 1307 261 sed

130 290 335 327 consilium
359 289 508 327 viribus
535 289 787 336 additurum3
815 293 855 325 et
882 293 1012 337 patres
1040 289 1082 324 in
1108 288 1241 337 populi
1269 294 1308 325 et

131 354 326 391 consulem
362 354 404 390 in
439 358 595 403 patrum
632 353 713 390 fore
750 358 951 403 potestate.
1018 353 1139 402 AEgre
1176 352 1308 389 sedata
1327 353 1374 390 57

130 418 181 455 ab
208 418 393 463 Quinctio
421 417 539 468 plebs,
562 417 686 454 multo
713 418 853 467 aegrius
881 417 1013 455 consul
1033 417 1132 454 alter
1150 430 1173 453 a
1191 417 1306 466 patri-

130 482 212 521 bus.
272 482 443 520 Dimisso
471 481 628 518 tandem
655 482 816 519 concilio
844 481 976 530 plebis,
1006 487 1185 519 senatum
1222 493 1307 517 con-

129 546 232 584 sules
264 547 418 585 habent.
477 547 560 584 Ubi
588 559 708 596 quum
737 547 854 584 timor
881 552 998 595 atque
1025 546 1084 582 ira
1114 546 1155 582 in
1184 545 1307 581 vicem
1325 563 1339 579 2

129 613 343 650 sententias
365 613 591 658 variassent,
613 625 689 662 quo
714 613 836 661 magis
863 612 989 661 spatio
1011 609 1240 659 interposito
1258 609 1307 645 ab

88 721 91 724 ¹
129 678 278 727 impetu
300 677 349 714 ad
373 677 671 715 consultandum
693 676 968 720 avocabantur,
990 688 1034 712 eo
1062 675 1150 724 plus
1174 674 1308 711 abhor-

130 743 268 779 rebant
295 755 319 779 a
349 741 559 779 certatione
587 741 720 787 animi,
750 740 844 777 adeo
873 745 918 777 ut
949 739 1133 784 Quinctio
1161 738 1307 788 gratias

128 810 299 855 agerent,
338 805 441 854 quod
479 805 562 842 eius
598 817 715 854 opera
750 803 930 853 mitigata
967 802 1158 840 discordia
1194 807 1302 839 esset.

128 869 195 906 Ab
214 869 347 919 Appio
372 869 532 919 petitur,
553 874 599 906 ut
626 874 777 906 tantam
801 869 1042 906 consularem
1064 867 1306 904 maiestatem
1325 882 1340 905 3

127 944 208 970 esse
237 931 367 978 vellet,
401 937 548 982 quanta
576 945 657 969 esse
686 933 729 969 in
757 932 936 969 concordi
968 932 1126 969 civitate
1154 935 1282 981 posset
1295 944 1306 978 ;

128 996 222 1034 dum
240 997 391 1033 tribuni
410 997 660 1046 consulesque
681 997 730 1034 ad
749 1010 789 1034 se
809 997 970 1046 quisque
989 996 1120 1034 omnia
1134 995 1304 1041 trahant,

127 1061 228 1097 nihil
256 1061 436 1097 relictum
465 1074 546 1098 esse
574 1061 718 1098 virium
745 1061 788 1097 in
815 1061 943 1098 medio
957 1075 966 1108 3
999 1061 1225 1097 distractam
1256 1060 1306 1097 la-

127 1131 372 1175 ceratamque
400 1139 481 1163 rem
510 1126 703 1176 publicam
716 1140 727 1173 ;
763 1126 896 1176 magis,
926 1139 1089 1175 quorum
1119 1125 1161 1162 in
1188 1138 1305 1161 manu

127 1190 190 1236 sit,
224 1203 341 1240 quam
373 1195 419 1227 ut
455 1191 658 1228 incolumis
695 1191 757 1238 sit,
796 1192 927 1241 quaeri.
985 1191 1140 1240 Appius
1172 1194 1307 1227 contra
1324 1207 1339 1228 ⁴

127 1254 264 1290 testari
293 1254 383 1291 deos
411 1259 528 1304 atque
556 1254 742 1302 homines,
771 1268 853 1293 rem
882 1255 1076 1305 publicam
1105 1254 1217 1304 prodi
1239 1266 1306 1303 per

127 1322 277 1355 metum
302 1330 347 1355 ac
370 1318 495 1355 deseri
507 1332 518 1366 3
546 1331 624 1356 non
643 1319 837 1356 consulem
858 1318 1021 1364 senatui,
1042 1318 1109 1355 sed
1128 1323 1305 1355 senatum

127 1382 277 1420 consuli
299 1383 429 1421 deesse
441 1398 452 1431 5
479 1384 677 1434 gmviores
700 1384 822 1433 accipi
849 1384 964 1434 leges,
985 1396 1100 1433 quam
1123 1384 1165 1420 in
1190 1383 1306 1420 Sacro

128 1452 259 1484 monte
286 1453 448 1498 acceptae
476 1448 565 1485 sint.
624 1449 766 1485 Victus
791 1453 923 1485 tamen
945 1452 1100 1497 patrum
1120 1460 1305 1484 consensu

128 1511 278 1560 quievit
294 1525 304 1558 ;
332 1511 397 1549 lex
416 1512 572 1550 silentio
591 1512 795 1562 perfertur.
846 1512 946 1549 Tum
961 1512 1131 1561 primum
1146 1512 1306 1549 tributis
1325 1515 1373 1552 58

128 1575 294 1612 comitiis
321 1576 441 1613 creati
469 1576 619 1613 tribuni
646 1581 749 1614 sunt.
806 1575 982 1613 Numero
1010 1576 1128 1612 etiam
1156 1575 1306 1613 additos

128 1640 220 1684 tres,
238 1638 407 1688 *perinde
434 1651 478 1674 ac
505 1638 582 1675 duo
609 1643 725 1675 antea
752 1639 910 1686 fuerint,
943 1638 1035 1676 Piso
1064 1642 1200 1675 auctor
1236 1642 1303 1676 est.

129 1701 320 1739 Nominat
355 1715 507 1752 quoque
549 1703 738 1749 tribunos,
770 1703 839 1740 Cn.
870 1703 1049 1748 Siccium,
1090 1702 1132 1740 L.
1164 1701 1204 1738 N
1208 1702 1306 1739 umi-
1324 1725 1339 1742 2

129 1765 283 1812 torium,
305 1765 360 1804 M„
384 1766 589 1813 Duillium,
612 1767 674 1817 Sp.
698 1767 866 1812 Icilium,
889 1767 930 1804 L.
955 1766 1167 1803 Mecilium.

209 1830 395 1868 Volscum
413 1831 700 1881 AEquicumque
719 1831 824 1868 inter
842 1831 1070 1868 seditionem
1089 1829 1305 1866 Romanam
1323 1849 1340 1874 3

129 1898 188 1932 est
210 1894 355 1932 bellum
373 1900 557 1933 coortum.
616 1895 880 1933 Vastaverant
898 1907 1018 1944 agros,
1083 1897 1152 1922 w„
1173 1899 1234 1923 ’Μ’
1262 1899 1307 1924 ‘¹¹⁰

1053 1929 1143 1953 Volsci
1155 1929 1208 1953 and
1269 1929 1305 1954 ul.

130 1962 186 2006 ut,
219 1959 254 1996 si
280 1971 358 2008 qua
384 1960 544 1997 secessio
580 1959 702 2009 plebis
740 1960 861 2006 fieret,
900 1959 948 1995 ad
982 1971 1022 1995 se
1054 1959 1246 2021 fflnsoenff‘p
1265 1990 1308 2015 ius

130 2027 327 2072 receptum
371 2022 553 2061 haberet:
617 2023 840 2073 compositis
885 2022 1023 2059 deinde
1054 1997 1308 2082 gfflfflnffffi

130 2085 255 2132 rebus,
279 2090 404 2123 castra
431 2091 535 2124 retro
563 2099 726 2124 movere.
785 2088 888 2136 App.
911 2086 1023 2123 Clau·
1052 2082 1307 2143 ξ’,ῑὸᾚῗξῗρξξῐξζ
1325 2107 1339 2130 ⁴

130 2150 217 2187 dius
248 2151 291 2187 in
310 2150 472 2188 volscos
499 2152 651 2196 missus,
684 2151 870 2196 Quinctio
900 2150 1022 2199 AEqui
1053 2143 1308 2198 ἱέὲῖᾞᾎὲῗῗᾲῖξ

130 2215 330 2264 provincia
356 2215 498 2252 evenit.
556 2215 701 2253 Eadem
729 2216 772 2252 in
799 2214 941 2255 militia
959 2227 1022 2251 sae-
1054 2204 1307 2263 ἓξὲᾎᾶἷύῃεζᾜ
