1438 2466
160 122 234 158 140
682 125 744 160 Μ
755 124 832 160 VJ]
1105 125 1234 176 [luc.
1259 139 1332 176 305

89 216 138 253 48
157 217 355 254 silentium
383 219 529 254 factum
554 233 622 267 per
647 232 870 268 praeconem.
930 220 1146 267 Decemvir‚
1167 221 1334 257 alienato

156 280 204 316 ad
235 280 435 318 libidinem
464 283 604 328 animo,
634 288 750 332 negat
777 297 825 320 ex
857 284 1037 320 hesterno
1063 287 1217 320 tantum
1250 297 1334 320 con-

157 344 257 381 vicio
276 345 378 382 Icilii
394 346 655 397 violentiaque
668 348 859 398 Verginii,
873 350 982 386 cuius
997 354 1133 386 testem
1149 350 1333 399 populum

158 409 379 446 Romanum
411 410 563 457 habeat,
595 412 662 449 sed
699 413 814 450 certis
851 426 1005 462 quoque
1042 413 1195 455 indiciis
1232 427 1332 451 com-

156 479 309 522 peitum
330 488 370 511 se
389 475 541 521 habere,
563 482 675 513 nocte
695 482 779 514 tota
798 483 917 515 coetus
936 478 978 514 in
997 479 1092 515 urbe
1111 478 1235 515 factos
1254 492 1335 516 esse

124 559 138 575 2
156 538 205 574 ad
233 539 466 575 movendam
494 540 733 578 seditionem.
793 542 932 592 Itaque
964 556 1015 589 se,
1040 543 1144 579 haud
1170 543 1334 579 inscium

156 602 239 638 eius
276 602 547 652 dimicationis,
587 618 675 641 cum
712 606 871 643 armatis
904 607 1153 653 descendisse,
1182 620 1262 643 non
1289 611 1335 643 ut

157 680 390 716 quemquam
409 668 585 717 quietum
607 670 780 718 violaret,
798 672 865 707 sed
883 676 928 708 ut
948 672 1150 708 turbantes
1165 671 1335 708 civitatis

123 755 138 778 3
156 735 279 770 otium
316 747 385 783 pro
422 734 624 771 maiestate
666 734 820 783 imperii
862 740 1060 772 coerceret.
1128 738 1148 755 “
1166 735 1334 772 Proinde

157 798 309 847 quiesse
334 798 409 835 erit
436 798 599 834 melius”
630 798 768 847 inquit.
830 800 1000 845 “Lictor,
1031 812 1230 836 summove
1255 804 1334 835 tur-

160 863 249 898 bam
269 866 309 898 et
327 863 377 898 da
396 863 499 898 viam
519 863 674 899 domino
703 863 751 899 ad
777 863 1043 912 prendendum
1063 863 1333 912 mancipium.’'

157 926 286 970 Quum
311 926 391 963 haec
419 927 652 963 intonuisset
675 927 812 976 plenus
837 927 916 972 irae,
946 928 1158 964 multitudo
1183 928 1267 977 ipsa
1294 941 1334 964 sc

155 1005 226 1028 sua
253 996 389 1041 sponte
419 992 593 1038 dimovit,
620 992 845 1041 desertaque
872 993 1001 1041 praeda
1024 993 1176 1029 iniuriae
1206 992 1335 1041 puella

123 1075 136 1096 4
155 1058 293 1104 stabat.
351 1058 450 1094 Tum
488 1057 711 1106 Verginius,
751 1058 819 1094 ubi
856 1058 955 1094 nihil
994 1071 1158 1106 usquam
1195 1058 1334 1094 auxilii

156 1122 266 1169 vidit,
290 1122 482 1167 “Quaeso‘'
502 1122 642 1171 inquit,
673 1121 820 1170 “Appi,
841 1121 1009 1170 primum
1035 1121 1188 1170 ignosce
1207 1121 1334 1170 patrio

156 1186 290 1233 dolori,
304 1186 338 1222 si
357 1186 451 1234 quid
469 1185 741 1222 inclementius
755 1185 797 1221 in
816 1190 856 1221 te
869 1198 954 1221 sum
970 1185 1166 1232 invectus3
1195 1184 1335 1222 deinde

155 1251 258 1288 sinas
279 1251 342 1287 hic
365 1263 492 1287 coram
512 1250 664 1299 virgine
688 1250 879 1286 nutricem
899 1249 1129 1298 percontari,
1151 1249 1244 1298 quid
1264 1249 1335 1286 hoc

154 1315 212 1352 rei
241 1315 303 1360 sit,
335 1319 390 1360 ut,
422 1314 456 1351 si
485 1315 584 1351 falso
621 1319 732 1363 pater
761 1314 888 1350 dictus
918 1327 1015 1360 sum,
1046 1313 1224 1362 aequiore-
1245 1313 1336 1350 hinc

123 1398 137 1421 5
155 1377 283 1414 animo
302 1377 527 1414 discedam.''
574 1377 680 1413 Data
697 1376 821 1422 venia,
843 1376 992 1413 seducit
1011 1376 1131 1412 filiam
1151 1389 1195 1412 ac
1213 1376 1336 1413 nutri-

155 1454 238 1478 cem
262 1453 380 1490 prope
407 1440 595 1477 Cloacinae
620 1439 671 1476 ad
698 1440 887 1487 tabernas,
916 1439 1057 1488 quibus
1083 1453 1185 1477 nunc
1210 1441 1336 1478 Novis

155 1509 214 1542 est
230 1519 387 1550 nomen,
409 1513 526 1555 atque
545 1505 602 1542 ibi
621 1506 668 1542 ab
688 1505 792 1542 lanio
817 1505 943 1542 cultro
962 1510 1127 1555 arrepto,
1152 1507 1270 1544 “Hoc
1297 1511 1335 1544 te

156 1584 244 1617 uno,
278 1584 354 1620 quo
384 1572 568 1620 possum''
605 1572 672 1618 ait,
715 1571 867 1618 “modo,
907 1572 997 1617 fflia,
1036 1573 1078 1608 in
1115 1572 1332 1610 libertatem

156 1634 346 1672 vindico.’'
403 1635 544 1672 Pectus
563 1636 701 1672 deinde
720 1636 857 1684 puellae
876 1636 1081 1684 transfigit,
1104 1640 1334 1684 respectans-

156 1714 231 1751 que
255 1702 304 1737 ad
332 1700 505 1737 tribunal
530 1699 638 1736 “Te''
666 1700 806 1748 inquit,
831 1699 977 1748 “Appi,
1003 1704 1192 1748 tuumque
1220 1704 1337 1749 caput

645 1766 664 1782 ⁷'
702 1765 878 1801 Clamore
892 1764 941 1801 ad
956 1769 1037 1801 tam
1053 1769 1167 1801 atrox
1186 1765 1336 1802 facinus

123 1785 139 1809 6
156 1766 343 1815 sanguine
362 1766 433 1803 hoc
452 1778 639 1802 consecro.

157 1836 241 1868 orto
260 1831 411 1868 excitus
431 1829 584 1879 Appius
603 1829 827 1878 comprendi
846 1828 1081 1878 Verginium
1099 1828 1217 1865 iubet.
1264 1828 1337 1865 Ille

156 1896 268 1942 forro,
289 1907 517 1945 quacunque
536 1894 629 1940 ibat,
650 1894 754 1930 viam
773 1894 907 1940 facere,
933 1893 1062 1938 donec,
1085 1893 1337 1930 multitudine

157 1959 276 1997 ctiam
318 1960 634 2009 prosequentium
678 1963 825 2005 tuente,
871 1958 921 1994 ad
962 1962 1113 2007 portam
1154 1958 1333 2007 perrexit.

125 2039 138 2061 7
159 2025 293 2062 Icilius
306 2025 631 2073 Numitoriusque
646 2036 840 2072 exsangue
852 2036 989 2072 corpus
1004 2024 1201 2060 sublatum
1214 2028 1337 2061 osten-

156 2094 245 2126 tant
269 2089 412 2139 populo
426 2102 436 2136 3
464 2089 588 2126 scelus
615 2088 749 2137 Appii,
781 2088 918 2137 puella}
946 2088 1138 2125 infelicem
1162 2089 1335 2137 formam,

124 2167 139 2191 8
157 2154 425 2191 necessitatem
463 2154 585 2203 patris
619 2154 831 2202 deplorant.
891 2153 1102 2202 Sequentes
1135 2153 1338 2190 clamitant

159 2224 365 2256 matronae:
399 2220 543 2255 Eamne
569 2220 776 2256 liberorum
805 2220 1126 2267 procreandorum
1146 2220 1336 2257 condicio-
