1438 2466
125 120 199 159 120
647 119 796 155 LIVII

940 117 1071 170 [A.U.c.
1097 129 1301 167 297—-303

123 232 182 287 {ion
193 231 228 261 by
240 231 408 286 AEt‘ffipvie:
437 215 669 261 consulibus,
696 215 816 264 legem
850 215 1029 252 omnibus
1060 214 1304 251 contionibus

136 269 185 292 ory
197 269 260 286 over
303 270 316 286 e
326 271 339 285 J
352 268 407 292 Aqui

124 294 153 317 at
181 292 303 322 Algidus.
351 292 407 316 'she
436 280 515 316 suis
543 280 805 316 celebrabant:
835 280 978 328 pudere
1007 291 1048 315 se
1074 280 1225 315 numeri
1245 279 1306 315 sui

125 323 411 408 ἓξὲΞιῑξι-ιῗιῗῙὺοηὲΞῑῖ
439 344 693 392 nequicquam
727 344 842 391 aucti,
877 345 911 381 si
938 357 983 380 ea
1015 357 1076 380 res
1103 357 1210 393 aeque
1237 356 1307 380 suo

127 390 414 475 3⁷¹¹igffetdggggtffiiffir]
441 407 597 444 biennio
615 408 769 455 iaceret,
791 421 834 445 ac
853 413 937 445 toto
956 409 1154 457 superiore
1183 408 1307 444 lustro

96 494 110 517 3
128 475 417 536 fflffiffiffffssssffin‘
444 472 632 509 iacuisset.
691 472 819 517 Quum
845 473 1014 509 maxime
1036 473 1115 509 haec
1135 476 1306 521 agerent,

444 537 587 586 trepidi
599 538 730 574 nuntii
741 538 790 574 ab
803 538 968 575 Tusculo
976 538 1151 583 veniunt,
1161 537 1311 586 AEquos

129 601 172 637 in
204 614 295 650 agro
321 600 538 636 Tusculano
563 613 649 637 esse,
712 601 821 637 Fecit
851 601 1037 649 pudorem
1065 613 1198 636 recens
1227 600 1309 636 eius

132 666 266 715 populi
286 666 467 701 meritum
483 665 660 701 morandi
675 665 825 701 auxilii.
882 665 1014 701 Ambo
1030 665 1206 701 consules
1224 677 1312 701 cum

132 730 305 768 exercitu
325 729 431 765 missi
443 729 592 765 hostem
612 729 654 765 in
673 742 742 766 sua
761 730 859 775 sede,
876 730 919 765 in
931 729 1076 778 Algido
1090 729 1308 765 inveniunt.

100 811 117 836 4
134 795 198 831 Ibi
216 798 441 844 pugnatum.
476 793 602 842 Supra
621 798 768 843 septem
788 794 911 830 millia
930 794 1100 830 hostium
1121 806 1224 838 caesa,
1246 792 1313 829 alii

133 858 260 907 fugati
268 872 279 905 3
310 857 440 907 praeda
472 861 586 905 parta
618 857 763 905 ingens.

135 923 260 959 aerarii
284 923 461 959 consules
490 922 762 959 vendiderunt.

824 857 922 893 Eam
956 861 1111 906 propter
1143 855 1314 904 inopiam

821 923 988 958 Invidia}
1017 926 1147 958 tamen
1177 934 1238 957 res
1267 920 1316 957 ad

136 988 347 1023 exercitum
383 987 471 1032 fuit,
507 987 717 1035 eademque
749 987 918 1023 tribunis
956 987 1155 1022 materiam
1194 985 1317 1021 crimi-

137 1054 258 1090 nandi
276 1053 325 1090 ad
344 1053 496 1102 plebem
515 1053 690 1090 consules
710 1042 884 1102 praebuit.

106 1133 121 1158 ⁵
218 1116 359 1165 Itaque
384 1129 485 1165 ergo,
512 1121 558 1152 ut
577 1116 808 1165 magistratu
826 1117 964 1161 abiere,
987 1115 1050 1164 Sp.
1073 1115 1245 1164 Tarpeio,
1267 1115 1316 1151 A.

141 1183 309 1220 Aternio
325 1182 547 1219 consulibus
566 1182 647 1218 dies
662 1182 766 1218 dieta
786 1186 844 1217 est
864 1181 1035 1217 Romilio
1054 1181 1102 1216 ab
1123 1181 1162 1217 O.
1187 1180 1321 1216 Calvio

140 1248 322 1285 Cicerone
350 1247 508 1283 tribuno
536 1246 670 1295 plebis,
693 1246 861 1283 Veturio
889 1246 937 1282 ab
966 1246 1008 1282 L.
1041 1245 1184 1282 Alieno
1212 1244 1322 1281 aedile

108 1323 125 1348 6
140 1312 274 1362 plebis.
333 1312 510 1360 Uterque
539 1324 678 1360 magna
704 1315 860 1360 patrum
881 1310 1148 1359 indignatione
1168 1310 1322 1346 damna—

141 1381 217 1422 tus,
232 1375 426 1411 Romilius
437 1375 566 1411 decem
583 1374 756 1410 millibus
770 1374 867 1418 aeris,
886 1373 1078 1409 Veturius
1090 1373 1320 1421 quindecim.

144 1440 227 1477 Nec
246 1440 325 1476 haee
345 1440 517 1488 priorum
537 1439 737 1476 calamitas
765 1439 967 1475 consulum
992 1438 1186 1485 segniores
1204 1449 1325 1474 novos

143 1506 287 1542 fecerat
319 1504 503 1540 consules.
574 1504 628 1539 Et
660 1516 700 1539 se
733 1503 908 1539 damnari
941 1514 1051 1550 posse
1083 1502 1249 1548 aiebant,
1286 1507 1326 1538 et

176 1588 361 1619 compromise
371 1594 431 1618 pro-

147 1620 230 1651 posed
257 1620 290 1649 by
313 1619 433 1643 tribunes

147 1652 207 1675 that
226 1657 242 1674 a
262 1649 433 1674 commission

147 1682 176 1705 of
206 1681 350 1711 patriciana
380 1680 433 1704 and

148 1712 284 1743 plebeians
320 1712 352 1735 be
388 1718 432 1741 up-

148 1742 257 1773 pointed
271 1745 299 1766 to
317 1743 400 1765 fraine
417 1748 434 1765 n.

148 1774 214 1798 code
230 1773 259 1797 of
275 1773 354 1808 equa!
370 1773 434 1796 laws

150 1804 225 1828 —the
237 1803 380 1833 patnciaus
394 1809 434 1827 as-

150 1837 209 1859 sent
227 1841 258 1858 as
278 1834 319 1858 sar
337 1841 366 1857 as
391 1833 435 1858 the

150 1866 215 1890 code
236 1865 258 1888 is
280 1864 435 1893 concerncd,

151 1897 201 1920 but
217 1896 295 1919 claim
312 1895 354 1919 sor
370 1895 440 1918 tlwir

151 1927 231 1951 order
251 1926 297 1950 the
320 1925 390 1955 right
412 1925 441 1949 os

152 1957 266 1992 fmming
277 1956 304 1981 it.

153 1987 374 2012 Coninussioners
381 1988 439 2010 sent

153 2021 181 2043 to
204 2018 305 2042 Greece
327 2019 354 2041 to
380 2024 439 2048 pro-

153 2056 216 2073 cure
232 2056 249 2072 a
265 2055 332 2078 copy
350 2048 378 2072 of
395 2048 440 2071 the

154 2080 283 2103 Solonian
303 2080 365 2102 laws
387 2079 439 2102 and

154 2112 182 2134 to
207 2109 334 2139 acquaint
356 2109 439 2133 them>

155 2141 240 2166 solves
250 2140 310 2163 with
321 2140 366 2163 tho
378 2140 441 2170 puli-

155 2172 215 2195 ticnl
234 2170 398 2194 instituamus
416 2170 444 2193 us

155 2203 234 2225 otiu-r
253 2202 340 2224 ‹nn-vl<
358 2203 440 2224 states

155 2240 185 2256 ns
198 2233 260 2255 well.

462 1569 612 1617 plebem
625 1574 664 1604 et
676 1568 852 1604 tribunos
864 1567 985 1616 legem
999 1566 1099 1603 ferre
1114 1579 1189 1602 non
1204 1579 1322 1615 posse.

462 1633 561 1668 Tum
581 1632 730 1668 abiecta
749 1632 842 1680 lege,
864 1644 948 1680 quae
975 1631 1218 1679 promulgata
1241 1643 1325 1667 oon-

462 1703 653 1742 senuerat,
669 1696 817 1732 tribuni
838 1695 962 1731 lenius
981 1708 1094 1743 agere
1110 1707 1196 1731 cum
1211 1695 1327 1744 patri—

462 1763 550 1799 bus:
583 1761 720 1797 Finem
751 1760 907 1796 tandem
941 1759 1196 1795 certaminum
1231 1758 1326 1795 facc-

464 1831 560 1863 rent.
619 1825 661 1861 Si
691 1825 846 1874 plebeiae
876 1825 976 1872 leges
1005 1824 1261 1872 displicerent,
1289 1830 1329 1860 at

468 1891 526 1927 illi
564 1890 820 1926 communiter
857 1889 984 1936 legum
1023 1888 1164 1924 latores
1206 1893 1245 1924 vt
1281 1901 1328 1924 ex

468 1955 576 2003 plebe
620 1958 658 1989 et
713 1966 760 1989 ex
809 1952 996 2001 pat-ribus,
1043 1952 1110 2000 qui
1158 1952 1330 2000 utrisque

469 2019 584 2055 utilia
594 2018 740 2054 ferrent
755 2030 916 2066 quaeque
931 2016 1125 2065 :uquam-lae
1139 2016 1330 2052 libertatis

469 2088 605 2128 essent,
638 2083 810 2119 sinerent
843 2082 972 2118 creari.
1035 2082 1134 2117 Rem
1168 2094 1244 2117 non
1277 2094 1328 2117 as·

472 2149 734 2198 pernabantur
765 2153 912 2196 patres:
942 2147 1109 2182 laturum
1142 2146 1242 2194 leges
1270 2158 1333 2181 ne.-

471 2214 610 2249 minem
634 2213 706 2248 nisi
727 2226 773 2249 ex
796 2213 971 2261 patribus
990 2212 1156 2247 aiebant.
1202 2211 1331 2254 Quum
