1438 2466
128 150 232 179 ⁴tucn.
256 137 482 191 478—475]
586 138 756 175 LIBER
794 138 851 174 II.
1258 137 1305 174 67

127 237 222 274 anni
257 236 306 273 ab
340 235 382 274 L.
419 234 582 272 Oaedicio
615 240 655 270 et
682 234 723 272 T.
752 234 877 270 Statio
906 232 1075 270 tribunis
1102 232 1164 268 die
1192 233 1305 278 dicta,

127 313 217 346 non,
238 304 284 337 ut
309 299 527 344 Menenius,
549 298 727 348 precibus
753 298 832 334 suis
855 302 923 334 aut
949 300 1114 346 patrum,
1136 295 1201 332 sed
1220 308 1307 332 cum

127 365 254 401 multa
285 364 427 400 fiducia
458 363 690 399 innocentiae
727 363 938 411 gratiaeque
975 361 1204 398 tribunicios
1240 361 1331 396 ini--

127 434 242 478 petus
266 427 368 464 tulit.
428 427 482 464 Et
510 426 600 463 huic
620 426 801 475 proelium
822 439 906 462 cum
929 425 1064 462 Tuscis
1084 424 1131 460 ad
1153 423 1305 460 Ianicu-
1326 443 1339 464 7

127 493 208 529 lum
228 495 312 528 erat
331 490 493 528 crimini.
553 490 628 527 Sed
648 490 790 527 fervidi
809 489 930 526 animi
949 489 1010 525 vir
1028 492 1073 525 ut
1092 488 1133 524 in
1153 488 1306 536 publico

126 557 296 608 periculo
319 561 422 601 ante,
443 556 497 592 sic
520 559 605 591 tum
631 554 672 590 in
695 567 777 600 suo,
798 567 876 590 non
897 553 1075 591 tribunos
1095 551 1218 597 modo,
1240 551 1305 587 sed

126 622 276 670 plebem
310 620 484 657 oratione
514 619 632 657 feroci
659 618 866 655 refutando
894 616 1240 666 exprobrandoque
1262 615 1302 654 T.

81 730 84 733 Ι
127 685 303 723 Menenii
335 684 624 721 damnationem
657 687 908 731 mortemque,
939 681 1048 718 cuius
1076 680 1198 729 patris
1226 693 1306 716 mu-

126 762 218 786 nere
248 748 432 785 restituta
456 748 650 798 quondam
684 747 790 797 plebs
824 759 886 783 eos
913 746 1027 795 ipsos,
1053 745 1194 794 quibus
1222 748 1304 780 tum

126 814 291 859 saeviret,
330 813 592 862 magistratuS‚
631 824 695 849 eas
732 812 834 860 leges
879 810 1049 856 haberet,
1089 808 1305 858 periculum

126 878 286 915 audacia
315 877 506 914 discussit.
565 877 676 914 Iuvit
706 881 745 913 et
769 875 982 926 Verginius
1009 874 1162 922 collega,
1194 873 1305 909 testis
1320 887 1335 912 3

126 941 348 990 productus,
378 940 646 990 participando
672 939 830 987 laudes3
864 939 987 988 magis
1015 942 1145 974 tamen
1175 936 1305 973 Mene-

126 1005 287 1041 nianum
309 1004 420 1055 (adeo
438 1008 688 1041 mutaverant
706 1004 895 1054 animum)
916 1003 1064 1052 profuit
1084 1002 1280 1039 iudicium.

206 1068 432 1106 Certamina
463 1068 570 1105 domi
599 1068 711 1104 finita
726 1081 736 1114 3
767 1068 912 1105 Veiens
941 1067 1082 1104 bellum
1113 1071 1302 1111 exortum,
1325 1070 1372 1107 53

126 1133 267 1184 quibus
299 1133 435 1170 Sabini
467 1145 575 1169 arma
611 1132 902 1169 conjunxerant.
974 1131 1015 1167 P.
1097 1149 1166 1184 πμ,
1201 1148 1306 1178 against

127 1197 310 1234 Valerius
329 1197 473 1239 consul,
492 1197 626 1233 accitis
655 1196 884 1233 Latinorum
915 1197 1015 1233 Her-
1050 1178 1305 1265 ΞΞΞΞῗῖ-ἓῗῗὶὲἑῖξιὲ

1050 1254 1057 1263 Α
1133 1248 1146 1264 e
1162 1259 1167 1264 .

126 1261 379 1310 nieorumque
401 1260 571 1307 auxiliis,
592 1273 680 1297 cum
703 1260 877 1297 exercitu
898 1260 1018 1297 Veios
1049 1271 1151 1326 ῗθξίἳιηι
1163 1271 1305 1331 &affin

1131 1309 1143 1325 S
1156 1309 1163 1325 ί
1208 1309 1215 1325 1

127 1325 268 1362 missus
295 1329 422 1361 castra
449 1324 604 1372 Sabina,
627 1337 712 1373 quae
735 1336 804 1377 prp
827 1323 1018 1360 moenibus
1051 1331 1303 1376 Volscifmatnough

127 1391 317 1428 sociorum
337 1390 461 1427 locata
480 1394 602 1437 erant,
624 1389 826 1426 confestim
849 1389 1019 1438 aggredi·
1051 1364 1304 1424 ffigssffifffigffgg?

127 1460 216 1502 tur3
252 1459 479 1504 tantamque
510 1453 810 1503 trepidationem
837 1453 982 1499 iniecit,
1018 1458 1073 1498 ut,
1107 1453 1200 1490 dum
1229 1453 1304 1490 dis-

127 1519 229 1569 persi
258 1518 327 1556 alii
359 1518 436 1555 alia
469 1517 742 1567 manipulatim
774 1522 987 1554 excurrunt
1019 1518 1068 1554 ad
1100 1518 1304 1554 arcendam

127 1583 297 1621 hostium
326 1583 419 1627 vim,
450 1595 495 1619 ea
523 1588 645 1632 porta,
679 1582 742 1619 cui
771 1582 880 1631 signa
908 1582 1078 1631 primum
1105 1582 1303 1627 intulerat,

126 1652 338 1697 caperetur.
395 1646 509 1683 Intra
542 1647 686 1683 vallum
717 1646 854 1683 deinde
883 1646 1002 1683 caedes
1039 1645 1162 1694 magis
1189 1657 1305 1694 quam
1324 1669 1338 1685 2

127 1711 305 1761 proelium
333 1723 424 1748 esse.
481 1711 690 1748 Tumultus
714 1723 735 1747 e
761 1711 895 1747 castris
918 1715 957 1747 et
980 1710 1021 1746 in
1040 1710 1175 1746 urbem
1194 1722 1306 1758 pene-

127 1780 206 1812 trat
219 1789 230 1823 ς
260 1779 446 1824 tanquam
475 1775 588 1812 Veiis
616 1775 749 1824 captis,
789 1775 845 1811 ita
879 1774 1010 1823 pavidi
1038 1774 1225 1810 Veientes
1256 1773 1304 1810 ad

127 1852 235 1876 arma
259 1844 432 1876 currunt.
491 1839 586 1876 Pars
614 1838 769 1876 Sabinis
794 1844 891 1875 eunt
913 1838 1095 1883 subsidio,
1118 1850 1205 1886 pars
1229 1836 1306 1874 Ro-

127 1917 261 1941 manos
298 1908 381 1941 toto
418 1904 566 1953 impetu
603 1904 775 1941 intentos
812 1905 853 1940 in
895 1908 1021 1940 castra
1060 1902 1302 1939 adoriuntur.

129 1969 333 2017 Paulisper
373 1968 498 2005 aversi
547 1968 772 2017 turbatique
815 1971 930 2014 sunt3
979 1967 1117 2003 deinde
1154 1971 1193 2002 et
1230 1966 1305 2015 ipsi
1323 1992 1336 2015 3

127 2037 293 2082 utroque
326 2032 448 2069 versis
484 2032 604 2081 signis
634 2032 833 2078 resistunt,
864 2036 904 2068 et
935 2043 1051 2080 eques
1079 2030 1127 2066 ab
1150 2030 1305 2067 consule

128 2097 323 2134 immissus
348 2096 490 2133 Tuscos
512 2096 645 2133 fundit
669 2096 867 2146 fugatque,
889 2095 1097 2143 eademque
1117 2094 1210 2130 hora
1229 2094 1305 2130 duo

128 2161 333 2207 exercitus,
354 2160 439 2197 duae
465 2160 742 2210 potentissimae
768 2164 807 2196 et
828 2159 1005 2196 maximae
1024 2158 1199 2195 finitimae
1217 2171 1305 2207 gen-

129 2230 187 2262 tes
223 2229 412 2274 superatae
449 2229 551 2263 sunt.
611 2225 715 2261 Dum
753 2224 832 2261 haec
870 2225 917 2260 ad
956 2223 1076 2259 Veios
1103 2228 1303 2272 gematur,
1323 2250 1336 2270 ⁴

1080 2294 1191 2333 5-2
