1438 2466
115 104 220 132 ΑΛΒ.
242 93 336 146 494]
576 93 746 131 LIBER
784 93 841 130 II.
1245 95 1293 131 35

115 189 296 240 Utraque
315 203 356 228 re
375 189 469 227 satis
487 192 657 239 experta,
679 193 764 226 tum
784 189 938 226 demum
965 189 1139 226 consules
1155 204 1162 226 ε
1193 193 1216 210 “
1232 190 1272 226 Ν
1275 203 1295 227 o
1313 185 1363 222 29

114 255 342 306 praedictum
353 254 513 305 negetis,
526 258 656 303 patres
670 253 886 303 conscripti,
905 253 1014 290 adest
1043 270 1102 295 Tho
1122 272 1230 296 consum
1249 278 1296 301 up-

114 319 251 369 ingens
286 319 433 357 seditio.
491 317 750 364 Postulamus,
784 321 831 354 ut
865 317 905 363 ii,
943 317 1012 367 qui
1042 301 1153 357 ἓέῗέιῗ
1174 301 1222 356 fg?
1249 302 1298 356 2¹3}

115 383 283 420 maxime
301 382 495 432 ignaviam
513 382 726 431 increpant,
746 381 877 418 adsint
898 381 1009 418 nobis
1040 365 1298 454 Ξῇἶῑῐέἷιξῖἑέἱὲἓὲ

115 447 349 485 habentibus
366 447 560 484 dilectum.
609 446 804 483 Acerrimi
823 445 1008 494 cuiusque
1040 454 1297 509 {zeicssnigsoffifflffi

115 511 288 556 arbitrio,
309 510 462 561 quando
481 511 537 547 ita
555 510 692 559 placet,
714 522 795 546 rem
814 509 1004 558 agemus.'’
1038 515 1298 575 fflgugpoussgffigj

117 575 300 612 Redeunt
330 576 372 612 in
405 574 600 619 tribunal;
634 573 746 610 citari
774 573 1004 610 nominatim
1039 575 1154 606 munus,
1315 597 1329 613 2

116 653 239 677 unum
266 653 314 677 ex
342 639 401 686 iis,
423 639 490 688 qui
518 639 559 675 in
587 642 792 687 conspectu
816 642 937 683 erant,
959 638 1090 675 dedita
1108 651 1225 688 opera
1242 639 1298 676 iu-

96 696 99 699 ·
118 704 222 741 bent.
271 703 400 748 Quum
419 707 542 739 staret
560 701 703 738 tacitus
723 706 762 739 et
780 701 880 738 circa
899 714 987 739 eum
1007 701 1156 751 aliquot
1174 702 1295 738 homi-

117 777 223 811 num,
243 777 294 801 ne
321 764 422 802 forte
450 764 672 809 violaretur,
694 763 931 801 constitisset
955 764 1102 813 globus,
1124 764 1297 801 lictorem

117 828 167 866 ad
185 841 273 865 eum
293 829 468 866 consules
487 829 663 865 mittunt.
722 827 807 872 Quo
836 828 1001 877 repulso,
1022 832 1105 865 tum
1127 841 1218 865 vero
1237 829 1298 865 in-
1316 853 1330 876 3

118 893 279 942 dignum
307 892 458 930 facinus
483 905 564 929 esse
589 891 845 938 clamitantes,
866 891 933 941 qui
956 897 1112 941 patrum
1135 892 1298 930 consuli-

117 956 189 993 bus
213 955 386 1001 aderant,
415 955 600 992 devolant
623 954 670 991 de
697 953 897 1000 tribunali,
925 959 970 991 ut
996 954 1125 991 lictori
1152 955 1298 991 auxilio

118 1023 256 1056 essent.
314 1019 389 1056 Sed
426 1018 474 1055 ab
511 1018 658 1064 lictore,
697 1017 796 1054 nihil
834 1018 940 1055 aliud
968 1031 1083 1068 quam
1112 1019 1298 1068 prendere
1315 1039 1328 1060 ⁴

118 1083 326 1133 prohibito,
361 1095 482 1132 quum
514 1094 720 1119 conversus
751 1075 792 1118 in
825 1087 954 1132 patres
985 1083 1154 1132 impetus
1186 1088 1296 1130 esset,

119 1147 321 1186 consulum
352 1148 571 1184 intercursu
602 1147 689 1183 rixa
721 1147 855 1183 sedata
892 1152 961 1193 est,
992 1147 1033 1183 in
1061 1160 1138 1196 qua
1166 1152 1298 1185 tamen

120 1212 202 1250 sine
221 1211 361 1262 lapide,
382 1212 465 1249 sine
484 1211 562 1248 telo
581 1211 668 1261 plus
687 1211 864 1248 clamoris
882 1216 998 1261 atque
1017 1213 1161 1249 irarum
1181 1226 1298 1262 quam

120 1277 272 1314 'miuriae
300 1277 438 1314 fuerat.
497 1276 664 1314 Senatus
693 1277 933 1314 tumultuose
964 1282 1123 1314 vocatus
1152 1278 1295 1315 tumul·
1316 1294 1329 1316 5

121 1341 270 1378 tuosius
293 1340 521 1386 consulitur,
550 1340 807 1391 Qpestiongm
830 1341 1118 1390 postulantibus
1145 1342 1204 1388 iis,
1231 1342 1298 1391 qui

121 1405 266 1455 pulsati
300 1404 467 1451 fuerant,
506 1404 736 1441 decernente
772 1404 1008 1442 ferocissimo
1038 1418 1189 1455 quoque
1219 1418 1298 1443 non

122 1470 326 1508 sententiis
353 1469 475 1519 magis
501 1482 618 1519 quam
641 1469 806 1507 clamore
831 1474 871 1507 et
893 1471 1069 1520 strepitu.
1127 1471 1296 1508 Tandem
1315 1482 1331 1507 6

122 1549 240 1586 quum
269 1536 335 1573 irae
363 1535 605 1579 resedissent,
633 1535 959 1585 exprobrantibus
986 1537 1217 1583 consulibus,
1243 1537 1297 1573 ni—

122 1601 203 1639 hilo
224 1601 311 1651 plus
335 1601 516 1638 sanitatis
544 1600 587 1637 in
612 1600 719 1637 curia
746 1613 861 1649 quam
885 1601 926 1637 in
948 1601 1032 1639 foro
1051 1615 1143 1646 esse,
1163 1601 1297 1639 ordine

123 1658 270 1703 consuli
297 1665 421 1715 coepit.
479 1665 572 1702 Tres
603 1665 709 1702 fuere
742 1665 952 1703 sententiae.
1011 1666 1054 1704 P.
1087 1667 1297 1716 Verginius
1317 1687 1330 1709 7

124 1742 203 1767 rem
228 1741 306 1766 non
326 1728 536 1778 vulgabat3
563 1728 610 1764 de
629 1728 678 1764 iis
697 1732 864 1774 tantum,
885 1729 953 1778 qui
973 1729 1088 1766 fidem
1108 1729 1231 1766 secuti
1250 1728 1292 1766 P.

123 1793 279 1830 Servilii
303 1792 469 1829 consulis
496 1791 648 1838 Volsco,
674 1792 862 1830 Aurunco
891 1793 1111 1843 Sabinoque
1139 1793 1296 1830 militas-

122 1862 210 1895 sent
245 1856 356 1903 bello,
394 1856 584 1906 agendum
621 1856 809 1893 censebat.
868 1857 910 1894 T.
951 1857 1121 1904 Larcius,
1150 1870 1229 1894 non
1256 1857 1295 1895 id
1315 1868 1329 1892 8

123 1926 276 1971 tempus
307 1933 398 1965 esse,
433 1924 478 1957 ut
506 1920 646 1957 merita
677 1921 949 1958 tantummodo
979 1921 1297 1968 exsolverentur3

123 1990 247 2023 totam
283 1984 434 2034 plebem
471 1996 545 2021 aere
581 1984 707 2021 alieno
743 1985 956 2021 demersam
989 1997 1081 2030 esse,
1116 1997 1186 2021 nec
1213 1985 1298 2022 sisti

123 2061 243 2100 posse,
273 2049 316 2085 ni
342 2048 522 2085 omnibus
549 2048 772 2085 consulatur
785 2061 795 2095 ς
834 2049 939 2097 quin,
969 2049 1002 2085 si
1029 2048 1106 2085 alia
1133 2048 1296 2086 aliorum

122 2113 176 2150 sit
201 2112 387 2158 condicio,
415 2111 571 2149 accendi
598 2111 721 2162 magis
751 2112 981 2149 discordiam
1013 2124 1129 2161 quam
1157 2112 1292 2149 sedari.

124 2178 225 2226 App.
261 2175 456 2222 Claudius,
495 2179 534 2212 et
569 2180 710 2212 natura
741 2176 902 2212 immitis
934 2179 974 2212 et
1001 2175 1180 2212 efferatus
1208 2175 1297 2213 hinc
1315 2191 1331 2214 9

1075 2245 1184 2285 3-2
