1438 2466
118 147 222 175 aon„
246 136 339 188 495]
582 135 752 172 LIBER
791 135 848 173 η.
1253 138 1300 174 27

117 236 220 286 quod
252 248 370 286 prope
401 235 443 272 in
473 239 706 284 perpetuum
736 239 920 283 negatum
958 234 1097 280 fuerat,
1137 247 1216 271 rem
1254 236 1299 271 ad

117 312 239 337 novos
262 299 512 349 magistratus
544 298 759 335 reiicerent.
818 297 1027 334 Enimvero
1055 303 1139 334 tum
1170 298 1300 334 Latini
1321 309 1335 331 (ι

116 364 284 414 gaudere
311 364 412 400 facto
424 376 435 410 ;
472 363 577 412 pacis
604 366 780 399 auctores
808 363 850 398 in
877 361 1029 411 ingenti
1056 361 1178 410 gloria
1206 374 1296 400 esse.

117 429 307 466 Coronam
332 440 489 465 auream
515 427 604 463 Iovi
630 427 775 463 donum
800 427 840 479 in
867 426 1298 481 Gassitoli¹¹¹L²..¹-¹¹.J¹.EE¹-¹J¹t·

116 492 215 530 Cum
241 492 379 541 legatis
403 476 680 540 donoqfffeI‘qsii
706 492 950 540 captivorum
975 491 1126 528 remissi
1145 492 1192 528 ad
1214 504 1302 527 suos

114 557 283 602 fuerant,
305 569 444 605 magna
462 555 696 593 circumfusa
714 555 926 592 multitudo
946 555 1065 592 venit.
1126 555 1302 603 Perguut
1321 571 1334 594 7

114 621 247 658 domos
270 633 414 666 eorum,
434 619 541 669 apud
565 632 680 668 quem
704 619 868 668 quisque
888 619 1128 665 servierant;
1157 619 1301 667 gratias

96 691 237 736 agunt
269 685 482 722 liberaliter
512 683 638 720 habiti
668 684 841 732 cultique
871 684 913 719 in
949 684 1171 720 calamitate
1207 696 1298 723 sua:

113 751 205 789 indo
228 750 397 799 hospitia
427 749 606 798 iungunt.
665 749 880 798 Nunquam
905 749 1001 785 alias
1029 754 1120 785 ante
1149 748 1300 797 public«-

114 815 374 865 privatimque
419 814 604 850 Latinum
640 826 781 850 nomen
819 814 994 850 Romano
1023 813 1187 862 imperio
1216 826 1300 849 con-

111 879 284 916 iunctius
303 878 390 915 fuit.

191 942 267 980 Sed
309 947 349 979 et
391 942 535 978 bellum
571 941 757 978 Volscum
804 941 1033 978 imminebat
1079 946 1118 977 et
1163 942 1301 978 civitas
1319 948 1368 985 23

110 1019 240 1044 secum
268 1007 352 1056 ipsa
375 1006 519 1043 discors
541 1006 729 1042 intestino
756 1005 861 1041 inter
887 1010 1017 1054 patres
1050 1019 1174 1044 lncrease
1194 1019 1300 1044 ordem

111 1073 338 1122 plebemque
368 1071 556 1121 flagrabat
583 1071 683 1116 odio,
711 1071 878 1107 maxime
907 1083 1017 1119 prop-
1047 1057 1148 1105 ‘affligi‘
1164 1051 1301 1107 {infui-'³31

111 1142 171 1173 ter
209 1149 328 1173 nexos
363 1137 412 1173 ob
445 1149 495 1172 aes
524 1136 706 1173 alienum.
769 1136 1014 1182 Fremebant,
1048 1111 1176 1166 iiim-³⁰2&
1194 1114 1300 1167 τῖἷῗέῗΊ
1318 1154 1331 1169 ‘2

111 1214 162 1258 se²
200 1201 296 1238 foris
333 1215 402 1251 pro
429 1201 690 1257 .1{b‘{Y-t?ss,-9t
695 1201 1158 1255 -impefiqdimi-QRDWS,
1197 1202 1299 1255 domi

110 1279 135 1302 a
171 1266 322 1302 civibus
359 1252 490 1316 captos
526 1271 567 1303 et
599 1277 800 1315 oppressos
835 1278 928 1313 esse,
969 1254 1230 1316 tutioremque
1258 1267 1297 1302 in

96 1320 211 1366 fflso
239 1342 355 1379 quam
383 1330 425 1366 in
455 1342 546 1380 pace
574 1334 615 1365 et
642 1329 747 1365 inter
765 1329 903 1375 hostes
930 1342 1048 1379 quam
1070 1329 1175 1366 inter
1196 1331 1300 1366 cives

110 1384 330 1430 libeltatcm
359 1394 482 1445 plebis
511 1407 616 1441 csse3
658 1393 925 1443 invidiamque
953 1407 1036 1430 eam
1065 1407 1134 1431 sua
1162 1383 1299 1443 sponte

109 1447 337 1506 gfficentem
362 1457 528 1507 insignis
552 1457 670 1494 unius
689 1457 890 1494 calamitas
909 1458 1095 1495 accondit.
1154 1458 1298 1507 Magno
1318 1476 1331 1498 3

110 1527 206 1560 natu
231 1524 388 1572 quidam
417 1536 504 1559 cum
534 1523 707 1559 omnium
737 1523 928 1559 malorum
956 1535 1114 1559 suorum
1144 1523 1300 1573 insigni-

111 1587 183 1623 bus
207 1599 247 1623 se
269 1587 311 1622 in
330 1587 456 1623 forum
476 1586 649 1635 proiecit.
711 1585 849 1622 Obsita
868 1590 952 1622 erat
971 1586 1148 1635 squalore
1168 1587 1297 1633 vestis,

112 1651 252 1688 foedior
271 1651 442 1699 corporis
460 1650 618 1687 habitus
638 1650 784 1699 pallore
804 1663 848 1687 ac
866 1651 987 1687 macic
1008 1651 1197 1700 perempti
1213 1666 1221 1697 3
1249 1653 1296 1688 ad
1317 1673 1329 1693 ⁴

112 1716 182 1753 hoc
200 1716 388 1765 promissa
406 1715 527 1752 barba
545 1720 584 1751 et
603 1715 733 1765 capilli
754 1716 1011 1752 efferaverant
1029 1716 1190 1765 speciem
1207 1717 1293 1753 oris.

111 1780 392 1817 Nescit-abatur
419 1787 550 1816 tamen
578 1780 619 1816 in
650 1786 761 1816 tanta
789 1780 1049 1825 deformitate,
1080 1786 1120 1816 et
1144 1780 1298 1816 ordines

111 1845 268 1882 duxisse
299 1844 467 1890 aiebant,
502 1844 655 1893 aliaque
689 1845 839 1881 militiae
873 1844 1011 1881 decora
1040 1844 1157 1893 vulgo
1190 1844 1297 1881 mise-

112 1912 244 1945 rantes
262 1921 350 1945 eum
375 1908 576 1945 iactabant
590 1921 600 1954 ς
630 1909 711 1958 ipse
736 1913 855 1946 testes
874 1909 1125 1945 honestarum
1150 1908 1299 1957 aliquot

111 1972 203 2009 locis
231 1985 447 2022 pugnarum
477 1973 674 2010 cicatrices
698 1973 860 2010 adverso
884 1978 1039 2023 pectore
1064 1973 1293 2010 ostentabat.

111 2038 417 2083 Sciscitantibus,
456 2038 560 2075 unde
601 2039 668 2075 ille
711 2039 880 2085 habitus,
919 2039 1023 2075 unde
1059 2037 1295 2079 deformitas,
1316 2063 1330 2085 5

110 2115 230 2152 quum
258 2103 490 2139 circumfusa
518 2104 635 2140 turba
662 2108 763 2139 esset
789 2116 908 2152 prope
937 2104 978 2139 in
1006 2103 1197 2139 contionis
1222 2116 1298 2139 mo-

111 2166 215 2211 dum,
255 2165 400 2202 Sabino
437 2166 538 2203 bello
573 2167 631 2203 ait
660 2180 700 2203 se
731 2167 977 2212 militantem,
1017 2167 1108 2216 quia
1140 2172 1298 2216 propter

112 2228 380 2278 populationes
404 2230 486 2278 agri
514 2242 591 2266 non
617 2229 747 2266 frnotu
778 2229 891 2266 modo
915 2230 1095 2271 canu-rit.
1117 2230 1181 2265 sod
1205 2231 1295 2267 villa
