1438 2466
117 147 221 174 scu.
245 135 471 188 480—479]
576 136 742 172 LIBER
778 136 836 172 [ι.
1243 136 1288 172 61

122 234 174 272 K.
197 235 341 271 Fabius
366 247 452 271 cum
470 234 511 271 T.
534 233 723 283 Verginio
745 233 877 270 consul
902 233 1026 269 factus
1054 246 1177 282 neque
1203 233 1293 269 belli

118 311 243 348 neque
262 298 424 335 dilectus
443 311 567 346 neque
587 297 707 334 ullam
725 297 840 334 aliam
856 297 1023 346 priorem
1036 309 1167 332 curam
1182 309 1293 345 agere

119 374 234 411 quam
264 367 317 408 ut,
338 362 413 398 iam
442 362 573 411 aliqua
597 374 644 398 ex
664 366 773 410 parte
792 360 973 397 inchoata
987 361 1196 397 concordiae
1215 373 1292 410 spe,

119 427 243 476 primo
280 439 432 476 quoque
468 432 639 475 tempore
683 438 770 462 cum
818 425 995 474 patribus
1040 425 1294 462 coalescerent

119 491 241 527 animi
254 491 386 540 plebis.
428 490 566 539 Itaque
581 489 772 539 principio
786 489 879 526 anni
896 489 1055 534 censuit,
1070 488 1292 537 priusquam
1312 514 1326 531 2

120 556 324 605 quisquam
343 556 501 605 agrariae
521 555 616 604 legis
630 559 764 591 auctor
783 554 964 591 tribunus
979 554 1173 599 existeret,
1190 565 1295 590 occu-

120 624 257 669 parent
267 624 397 669 patres
411 620 484 668 ipsi
501 631 613 656 suum
629 631 770 654 munus
782 617 906 655 facere
918 631 927 664 3
950 617 1148 666 captivum
1161 629 1295 666 agrum

73 729 76 733 .
120 683 223 732 plebi
254 695 370 732 quam
402 682 570 719 maxime
599 681 799 731 aequaliter
831 682 968 718 darent
984 695 994 728 3
1036 694 1170 718 verum
1203 693 1294 726 esse,

120 747 260 784 habere
293 760 367 793 803,
398 760 561 796 quorum
599 747 785 796 sanguine
818 759 860 783 ac
890 746 1029 783 sudore
1059 749 1194 795 partus
1233 745 1294 782 sit.

122 812 335 861 Aspernati
363 816 492 861 patres
520 816 635 858 sunt3
664 812 790 860 questi
814 824 965 861 quoque
985 811 1155 860 quidam,
1176 811 1298 847 nimia
1315 834 1329 858 3

120 876 242 926 gloria
261 875 458 912 luxuriare
477 880 517 912 et
536 888 761 912 evanescere
780 875 956 912 vividum
977 875 1171 924 quondam
1199 873 1297 911 illud

122 940 289 978 Caesonis
307 940 516 989 ingenium.

202 1004 331 1041 Nullae
353 1004 492 1041 deinde
512 1004 669 1040 urbanae
688 1003 874 1040 factiones
894 1003 999 1039 fuere
1013 1015 1024 1049 3
1052 1002 1299 1039 vexabantur
1315 1013 1330 1036 ⁴

123 1069 408 1106 incursionibus
438 1069 658 1118 AEquorum
697 1068 840 1104 Latini.
912 1067 970 1104 Eo
1003 1080 1089 1104 cum
1127 1067 1297 1103 exercitu

126 1133 231 1170 Oaeso
258 1133 396 1170 missus
422 1133 461 1169 in
482 1133 653 1181 ipsorum
674 1131 892 1181 AEquorum
914 1144 1049 1181 agrum
1069 1131 1298 1180 depopulan-

125 1198 216 1234 dum
231 1197 381 1234 transit.
432 1196 555 1246 AEqui
575 1209 614 1233 se
635 1196 676 1232 in
695 1196 836 1245 oppida
856 1199 1084 1244 receperunt
1102 1195 1299 1244 murisque

125 1274 164 1298 se
189 1261 374 1298 tenebant
386 1275 396 1309 3
426 1273 470 1297 eo
495 1260 603 1296 nulla
626 1273 755 1309 pugna
778 1259 1038 1297 memorabilis
1057 1259 1141 1296 fuit.
1200 1259 1259 1296 At
1279 1272 1300 1295 a
1319 1269 1332 1292 5

125 1325 292 1362 Veiente
320 1324 428 1361 hoste
456 1324 583 1361 clades
610 1329 765 1373 accepta
789 1324 1009 1360 temeritate
1031 1323 1192 1360 alterius
1216 1336 1300 1360 con-

126 1391 231 1436 sulis,
251 1394 458 1439 actumque
488 1389 535 1426 de
561 1389 734 1426 exercitu
757 1389 868 1436 foret,
889 1388 930 1425 ni
956 1388 1008 1425 K.
1074 1428 1130 1452 Tne
1157 1435 1212 1452 wm-
1237 1428 1298 1452 with

128 1454 270 1491 Fabius
310 1453 351 1490 in
397 1458 569 1503 tempore
617 1453 788 1489 subsidio
831 1453 1007 1489 venisset.
1044 1459 1103 1483 Veii
1120 1459 1248 1489 drawing
1265 1466 1299 1483 on

1044 1490 1071 1513 in
1113 1496 1130 1514 a
1162 1489 1299 1519 desultor>-

128 1519 191 1556 Ex
219 1531 264 1556 eo
296 1522 467 1567 tempore
503 1530 629 1567 neque
662 1530 738 1566 pax
771 1530 896 1567 neque
933 1518 1010 1554 bel-
1046 1520 1300 1575 iiiznffissiioff'gi‘ig

127 1585 208 1622 lum
234 1597 320 1621 cum
350 1583 585 1620 Veientibus
614 1583 691 1619 fuit
706 1596 715 1629 ;
748 1596 808 1620 res
833 1583 1009 1632 proxime
1046 1581 1300 1636 Jffissffffifchistffiom

131 1649 291 1695 formam
322 1647 516 1684 latrocinii
544 1651 713 1684 venerat.
773 1647 1006 1695 Legionibus
1047 1642 1300 1703 {gffiss‘ffigigssssessj
1318 1651 1333 1676 6

129 1712 316 1750 Romanis
352 1711 537 1748 cedebant
567 1711 609 1747 in
646 1711 807 1756 urbem;
847 1711 915 1747 ubi
947 1711 1010 1747 ab·
1048 1707 1103 1758 {3³35
1113 1703 1301 1758 Ὥᾱῑῇῗῑξξξζ

129 1777 265 1814 ductas
301 1779 500 1813 senserant
528 1775 706 1824 legiones,
746 1787 856 1823 agros
893 1775 1018 1811 incur·
1051 1771 1132 1789 ‘¹¹⁰‘ss

129 1843 277 1887 sabam,
308 1841 452 1877 bellum
482 1839 622 1889 quiete,
658 1838 829 1888 quietem
859 1839 960 1876 bello
993 1839 1035 1875 in
1064 1838 1185 1874 vicem
1221 1837 1300 1875 clu-

128 1907 271 1944 dentes.
329 1904 394 1941 Ita
411 1916 536 1952 neque
555 1903 684 1940 omitti
704 1906 787 1939 tota
806 1915 866 1939 res
884 1915 954 1940 nec
973 1902 1103 1951 perfici
1123 1906 1275 1950 poterat
1288 1915 1300 1949 3

128 1975 168 2008 et
197 1969 274 2006 alia
302 1967 404 2005 bella
435 1971 504 2004 aut
535 1967 741 2016 praesentia
773 1966 984 2011 instabant,
1009 1970 1054 2002 ut
1082 1965 1130 2001 ab
1159 1965 1301 2014 AEquis

128 2033 369 2082 Volscisque,
396 2043 476 2068 non
503 2031 661 2075 diutius,
683 2043 798 2080 quam
828 2043 958 2067 recens
986 2030 1095 2066 dolor
1117 2029 1302 2078 proximae

127 2097 246 2134 cladis
273 2095 468 2140 transiret,
498 2094 794 2144 quiescentibus,
824 2098 893 2130 aut
920 2106 1010 2130 mox
1038 2097 1212 2129 moturos
1239 2106 1303 2143 ap-

129 2162 289 2212 parebat
307 2159 470 2197 Sabinos
489 2171 639 2208 semper
657 2158 817 2195 infestos
836 2157 1111 2206 Etruriamque
1135 2169 1298 2195 omnem.

129 2226 204 2265 Sed
224 2225 369 2262 Veiens
394 2223 527 2270 hostis,
554 2222 731 2260 assiduus
759 2222 881 2272 magis
909 2234 1024 2271 quam
1052 2221 1192 2270 gravis,
1213 2234 1299 2258 con·
1320 2236 1335 2260 7
