1438 2466
138 146 243 174 aon.
266 133 359 188 480]
590 136 759 174 LIBER
799 137 853 174 η.
1268 140 1316 177 59

141 235 163 254 “
175 234 329 282 milites,
365 234 558 283 fugientes
594 244 662 269 vos
695 233 736 269 in
768 237 892 270 castra
928 233 1148 271 redituros?
1202 236 1314 274 Adeo

138 298 407 347 ignavissimos
428 297 556 334 hostes
584 297 706 346 magis
734 297 881 333 timetis
909 310 1023 346 quam
1052 298 1184 335 Iovem
1213 300 1314 335 Mar-

139 367 305 413 temque,
326 376 394 413 per
412 375 506 411 quos
524 362 708 399 iurastis?
761 362 821 398 At
839 375 908 411 ego
928 362 1122 399 iniuratus
1144 368 1213 400 aut
1237 365 1309 400 vic·
1333 375 1349 400 ⁶

139 431 202 465 tor
237 432 411 465 revertar
446 431 515 464 aut
551 438 669 476 prope
709 431 748 463 te
783 426 857 472 hic,
897 426 942 471 Q.
982 426 1090 472 Fabi,
1129 427 1316 464 dimicans

140 492 307 530 cadam.”
365 491 524 529 Consuli
561 495 647 528 tum
694 491 799 528 Caeso
847 491 1000 537 Fabius,
1040 491 1179 540 prioris
1223 492 1317 528 anni

140 558 299 595 consul:
341 559 363 578 “
379 556 574 593 Verbisne
601 556 696 603 istis,
729 555 860 602 frater,
891 560 936 592 ut
963 562 1148 606 pugnent,
1180 563 1217 593 te
1250 557 1316 593 im-

140 626 385 672 petraturum
404 621 554 658 credis?
609 620 676 657 Dii
702 621 981 670 impetrabunt,
1003 633 1071 670 per
1099 634 1192 670 quos
1215 621 1316 657 iura·
1336 639 1349 662 7

87 711 91 715 -
142 699 230 724 vere
245 699 256 734 3
283 690 322 723 et
340 698 421 732 nos,
442 690 487 722 ut
512 685 621 722 decet
649 697 832 734 proceres,
854 689 900 721 ut
929 685 1049 722 Fabio
1076 685 1232 722 nomine
1260 690 1318 722 est

141 751 313 800 dignum,
336 750 544 800 pugnando
572 749 702 799 potius
728 761 844 798 quam
872 749 1113 786 adhortando
1142 751 1318 787 accenda-

141 828 228 852 mus
256 814 424 851 militum
453 814 634 851 animos.”
690 813 753 850 Sic
780 813 821 850 in
840 813 1009 862 primum
1029 813 1180 851 infestis
1198 814 1320 851 hastis

142 880 347 930 provolant
365 879 442 916 duo
462 878 583 924 Fabii,
598 882 796 928 totamque
817 882 1022 915 moverunt
1041 891 1168 915 secum
1188 879 1317 917 aciem.

143 945 285 982 Proelio
305 958 353 981 ex
372 948 481 994 parte
501 956 579 980 una
597 943 792 990 restituto,
813 943 936 980 nihilo
956 943 1110 993 segm'us
1133 945 1172 980 in
1201 957 1320 980 cornu
1339 948 1387 986 4¹7

143 1009 266 1046 altero
294 1008 363 1046 Cn.
396 1007 571 1045 Manlius
598 1008 730 1045 consul
760 1020 929 1057 pugnam
958 1008 1093 1053 ciebat,
1115 1008 1181 1044 ubi
1205 1021 1322 1058 prope

144 1073 281 1110 similis
301 1072 458 1109 fortuna
483 1076 541 1109 est
559 1076 721 1109 versata.
781 1071 883 1108 Nam
913 1076 959 1108 ut
986 1071 1107 1108 altero
1134 1072 1177 1108 in
1204 1084 1321 1109 cornu
1340 1093 1355 1109 2

145 1138 188 1183 Q.
222 1137 396 1183 Fabium,
417 1137 470 1174 sic
498 1137 540 1173 in
568 1136 639 1173 hoc
667 1136 792 1185 ipsum
817 1135 1011 1172 consulem
1033 1135 1225 1172 Manlium
1247 1138 1323 1173 iam

145 1202 254 1239 velut
281 1201 386 1238 fusos
413 1203 590 1249 agentem
619 1199 748 1236 hostes
776 1203 817 1235 et
844 1199 1007 1248 impigre
1035 1199 1178 1235 milites
1204 1200 1324 1236 secuti

145 1270 238 1303 sunt
256 1270 306 1313 et,
327 1270 372 1302 ut
391 1264 456 1301 ille
474 1264 583 1313 gravi
603 1264 762 1301 vulnere
780 1263 881 1300 ictus
900 1276 950 1300 ex
968 1264 1049 1300 acie
1067 1263 1191 1309 cessit,
1209 1265 1324 1301 inter-

145 1330 290 1368 fectum
319 1330 395 1367 rati
422 1329 584 1379 gradum
612 1329 824 1375 rettulere;
855 1328 1135 1377 cessissentque
1162 1329 1254 1373 loco,
1284 1329 1325 1366 ni
1344 1346 1358 1369 3

147 1394 279 1431 consul
299 1393 397 1430 alter
417 1406 504 1430 cum
524 1393 672 1442 aliquot
695 1393 835 1429 turmis
860 1392 1035 1442 equitum
1062 1393 1103 1429 in
1128 1406 1212 1430 eam
1239 1406 1323 1443 par—

147 1464 226 1496 tem
254 1458 372 1495 citato
400 1470 498 1507 equo
525 1457 720 1502 advectus,
742 1456 873 1493 vivere
902 1457 1105 1494 clamitans
1128 1457 1322 1507 collegam,

148 1535 189 1559 se
209 1522 402 1568 victorem,
424 1521 508 1558 fuso
528 1521 648 1557 altero
677 1533 807 1568 cornu,
828 1521 969 1567 adesse,
992 1534 1072 1558 rem
1100 1521 1324 1559 inclinatam

149 1587 402 1624 sustinuisset.
461 1586 635 1623 Manlius
654 1598 807 1635 quoque
830 1586 878 1622 ad
904 1586 1184 1623 restituendam
1206 1587 1325 1624 aciem
1344 1606 1357 1627 ⁴

150 1663 190 1688 se
217 1651 299 1700 ipse
327 1663 452 1687 coram
483 1650 605 1687 offert.
664 1649 842 1687 Duorum
870 1650 1068 1686 consulum
1089 1651 1242 1699 cognita
1261 1664 1327 1687 ora

151 1715 366 1753 accendunt
385 1715 554 1751 militum
575 1715 731 1751 animos.
792 1714 915 1751 Simul
936 1719 975 1751 et
994 1715 1130 1751 vanior
1149 1715 1224 1751 iam
1244 1720 1328 1752 erat

152 1780 321 1818 hostium
339 1779 449 1824 acies,
470 1780 573 1826 dum,
594 1779 818 1816 abundante
846 1779 1099 1815 multitudine
1119 1778 1221 1826 freti,
1243 1780 1327 1816 sub-

154 1850 278 1882 tracta
309 1844 480 1881 subsidia
512 1843 678 1880 mittunt
707 1843 755 1880 ad
793 1850 918 1880 castra
954 1843 1220 1892 oppugnanda.
1279 1844 1327 1880 In
1345 1861 1360 1885 ⁵

153 1922 237 1960 quae
283 1908 386 1945 haud
431 1921 570 1958 magno
615 1908 824 1945 certamine
870 1908 1018 1957 impetu
1056 1906 1169 1953 facto,
1208 1921 1327 1958 quum

153 1972 289 2023 praedae
308 1971 429 2021 magis
448 1983 563 2021 quam
587 1983 725 2020 pugnae
754 1983 940 2008 memores
968 1975 1138 2007 tererent
1166 1975 1328 2021 tempus,

153 2037 280 2074 triarii
300 2035 477 2081 Romani,
497 2035 564 2084 qui
584 2035 746 2084 primam
767 2035 1023 2084 irruptionem
1042 2035 1232 2072 sustinere
1251 2049 1329 2074 non

154 2104 371 2151 potuerant,
402 2099 528 2135 missis
557 2099 605 2135 ad
638 2098 812 2135 consules
844 2098 1005 2143 nuntiis,
1039 2111 1115 2146 quo
1153 2098 1233 2136 loco
1270 2112 1329 2137 res

154 2168 291 2209 essent,
312 2162 528 2212 conglobati
549 2162 596 2198 ad
616 2162 838 2212 praetorium
858 2161 1023 2198 redeunt
1041 2166 1082 2198 et
1099 2174 1169 2198 sua
1193 2168 1329 2212 sponte

154 2227 228 2277 ipsi
257 2226 432 2276 proelium
461 2230 662 2263 renovant.
724 2226 773 2261 Et
802 2225 975 2261 Manlius
1002 2225 1132 2261 consul
1154 2232 1362 2265 revectuss
