1438 2466
67 174 170 199 Astu.
194 161 286 213 449]
503 160 674 197 LIBER
713 159 794 196 III.
1168 159 1236 195 133

65 262 136 294 aut
155 258 415 294 model-atione
433 258 630 294 consulum
652 256 693 292 in
708 255 880 305 imperiis
893 255 1114 292 exercendis
1129 267 1237 304 posse

65 321 107 358 in
124 321 356 359 oblivionem
376 321 621 358 tribunorum
641 320 788 369 plebem
808 319 957 357 adduci.

144 385 308 423 Silentio
326 390 479 435 patrum
498 385 663 422 edicitur
681 385 854 423 dilectus.
910 384 1097 430 Iuniorcs‚
1118 396 1236 432 quum
1256 395 1270 417 7

63 451 146 488 sinc
170 452 440 501 provocatione
464 451 668 500 imperium
697 454 806 496 esset,
827 449 875 486 ad
902 449 1060 486 nomina
1087 461 1237 497 respon-

63 515 166 553 dent.
225 514 457 564 Legionibus
492 513 657 563 scriptiS,
693 513 796 550 inter
832 525 871 550 se
901 511 1108 549 decemviri
1141 523 1238 547 com-

63 579 261 628 parabant,
283 592 377 628 quos
395 578 451 615 ire
469 578 518 615 ad
537 578 691 624 bellum,
713 590 808 627 quos
827 589 985 626 praeesse
1004 575 1238 612 exercitibus

62 648 265 692 oporteret.
324 642 522 692 Principes
549 642 651 679 inter
678 641 913 678 decemviros
939 644 1052 678 erant
1084 640 1127 684 Q.
1169 639 1237 676 Fa-
1254 650 1270 672 s

29 735 32 738 Α
62 707 149 744 bius
177 712 218 744 et
245 708 346 756 App.
379 706 572 744 Claudius.
632 705 783 742 Bellum
823 704 925 740 domi
961 703 1085 740 maius
1121 715 1235 751 quam

62 770 156 808 foris
180 771 397 820 apparebat
456 770 578 819 Appii
606 769 833 806 violentiam
865 767 1053 817 aptiorem
1083 767 1158 804 rati
1187 766 1237 803 ad

61 835 364 884 comprimendos
382 835 548 871 urbanos
567 838 712 880 motus;
732 833 772 870 iu
789 833 909 870 Fabio
928 833 1057 869 minus
1076 832 1119 868 in
1137 831 1237 868 bono

60 905 239 937 constans
257 913 372 949 quam
392 913 536 936 navum
552 899 592 936 in
608 899 757 935 malitia
771 897 969 947 ingenium
985 910 1075 934 esse.
1117 896 1236 933 Hunc
1253 908 1269 931 9

60 965 164 1001 enim
192 965 330 1010 virum,
358 966 554 1014 egregium
581 964 672 1001 olim
702 964 805 1000 domi
834 963 1070 1012 militiaeque,
1093 961 1236 998 decem-

61 1029 210 1065 viratus
241 1029 469 1078 collegaeque
496 1029 552 1066 ita
589 1034 847 1074 mutaverant,
879 1032 924 1064 ut
961 1027 1083 1077 Appii
1121 1039 1234 1075 quam

59 1093 119 1129 sui
146 1093 283 1130 similis
311 1093 445 1130 mallet
472 1106 562 1130 esse.
622 1093 727 1129 Huic
751 1092 897 1129 bellum
919 1092 960 1128 in
981 1090 1145 1136 Sabinis,
1167 1089 1231 1127 M’.

61 1157 250 1194 Rabuleio
282 1162 322 1194 et
359 1157 403 1202 Q.
440 1157 599 1194 Poetelio
629 1157 772 1194 additis
801 1155 965 1205 collegis,
995 1154 1231 1191 mandatum.

61 1221 116 1258 M.
149 1221 349 1258 Cornelius
385 1222 427 1258 in
463 1221 651 1270 Algidum
685 1221 823 1257 missus
860 1232 946 1256 cum
977 1218 1018 1255 L.
1060 1217 1236 1254 Minucio
1256 1236 1286 1252 10

58 1289 98 1321 ct
133 1285 173 1322 T.
215 1284 391 1322 Antonio
427 1289 468 1322 et
505 1285 556 1322 K.
598 1284 747 1322 Duillio
784 1289 822 1321 et
860 1283 914 1320 M.
955 1283 1097 1331 Sergio,
1170 1281 1232 1331 Sp.

59 1348 228 1398 Oppium
257 1350 359 1398 App.
389 1349 552 1387 Claudio
581 1349 797 1386 adiutorem
816 1347 865 1385 ad
884 1347 1017 1384 urbem
1036 1346 1233 1392 tuendam,

58 1426 165 1462 aequo
184 1413 358 1450 omnium
377 1413 678 1451 decemvirorum
698 1413 869 1463 imperio,
891 1412 1111 1449 decernunt.

136 1475 273 1513 Nihilo
301 1477 449 1514 militiae
472 1490 588 1527 quam
615 1478 718 1515 (lomi
742 1477 879 1514 melius
909 1487 970 1512 res
997 1474 1151 1524 publica
1173 1473 1235 1510 ad·
1252 1475 1302 1513 42

59 1539 278 1577 ministrata
305 1546 373 1578 est.
432 1541 507 1578 Illa
539 1541 651 1578 modo
689 1541 730 1577 in
760 1541 922 1578 ducibus
952 1566 1001 1591 Dis
1019 1565 1235 1590 raceruidefeata
1254 1561 1267 1577 2

58 1603 182 1652 culpa,
203 1604 317 1652 quod,
345 1609 389 1641 ut
417 1604 504 1641 odio
532 1609 660 1641 essent
687 1604 845 1649 civibus,
876 1604 928 1641 fe·
958 1597 1184 1622 ⁰¹²¹0¹³⁰¹¹¹³¹¹³·

57 1672 212 1715 cerant3
248 1668 324 1704 alia
351 1668 476 1705 omnis
505 1681 621 1718 penes
648 1668 792 1705 milites
818 1669 937 1706 noxia
955 1675 1049 1717 erat,
1080 1670 1157 1719 qui,
1189 1683 1236 1706 nc

57 1732 151 1782 quid
197 1732 317 1769 ductu
355 1738 472 1783 atque
509 1734 679 1783 auspicio
715 1734 1019 1772 decemvirorum
1056 1747 1234 1784 prospere

58 1809 218 1845 usquam
246 1801 455 1845 gereretur,
484 1797 588 1834 vinci
618 1810 658 1835 sc
686 1811 753 1847 per
780 1811 894 1835 suum
926 1803 1042 1847 atque
1079 1798 1234 1835 illorum

58 1860 223 1897 dedecus
249 1861 507 1910 patiebantur.
566 1862 660 1899 Fusi
684 1867 725 1899 et
749 1862 796 1899 ab
825 1862 979 1900 Sabinis
1005 1863 1053 1899 ad
1073 1862 1235 1899 Eretum
1254 1879 1269 1902 3

58 1930 100 1962 ct
126 1925 168 1961 in
195 1925 342 1974 Algido
373 1925 422 1962 ab
450 1926 593 1975 AEquis
622 1926 814 1963 exercitus
844 1932 964 1963 erant.
1022 1927 1088 1963 Ab
1119 1926 1238 1963 Ereto

58 2002 126 2038 per
170 1989 368 2026 silentium
405 1990 530 2027 noctis
567 1990 719 2040 profugi
754 1990 912 2039 propius
948 1990 1094 2035 urbem,
1134 1989 1238 2025 inter

59 2053 226 2090 Fidenas
254 2053 644 2103 Crustumeriamque,
673 2054 755 2091 loco
787 2054 891 2091 edito
919 2058 1044 2090 castra
1073 2065 1236 2089 commu-

59 2118 212 2156 nierant
223 2132 233 2166 3
260 2118 470 2167 persecutis
497 2118 682 2164 hostibus,
702 2131 894 2168 nusquam
916 2131 956 2155 se
980 2130 1089 2167 aequo
1117 2121 1236 2154 certa-
1256 2136 1270 2159 4

60 2182 157 2219 mini
193 2183 478 2220 committentes
507 2188 649 2220 natura
675 2183 749 2220 loci
771 2196 816 2220 ac
843 2183 957 2229 vallo,
986 2195 1065 2219 non
1090 2181 1237 2218 virtute

61 2253 132 2284 aut
167 2247 285 2284 armis
315 2248 556 2284 tutabantur.
615 2248 745 2285 Maius
782 2247 968 2297 flagitium
1002 2247 1043 2283 in
1082 2246 1236 2296 Algido,
1257 2264 1270 2287 s
