1438 2466
114 125 162 161 64
626 124 775 160 LIVII
928 123 1056 175 [A.U.c.
1085 127 1292 174 276—278

112 223 238 261 siones
257 224 369 260 modo
387 224 430 260 in
449 236 559 273 agros
578 226 647 259 aut
661 222 778 259 subiti
794 222 963 271 impetus
977 222 1018 257 in
1033 221 1286 269 incursantes,

115 288 179 325 sed
199 288 404 338 aliquoties
423 301 532 338 aequo
551 300 684 336 campo
704 286 930 336 collatisque
949 286 1070 335 signis
1089 290 1291 333 certatum,

83 370 98 387 2
114 365 284 402 gensque
314 365 394 389 una
425 352 559 402 populi
589 350 759 388 Romani
787 363 885 399 saepe
913 363 962 386 ex
990 350 1291 398 opulentissima,

115 420 160 453 ut
199 420 284 454 tum
323 430 382 453 res
421 420 543 462 erant,
575 416 740 452 Etrusca
767 415 928 452 civitate
954 415 1158 452 victoriam
1187 416 1290 453 tulit.

82 494 96 517 3
115 481 163 517 Id
182 481 307 531 primo
326 482 505 518 acerbum
522 481 803 532 indignumque
818 482 1053 533 Veientibus
1070 486 1128 519 est
1141 481 1269 518 visum
1283 494 1294 528 3

114 546 205 582 inde
236 546 440 583 consilium
464 559 512 583 ex
538 559 579 583 re
607 551 743 583 natum
771 547 923 583 insidiis
951 547 1114 583 ferocem
1143 546 1294 583 hostem

115 610 321 659 captandi,
362 610 528 659 gaudere
557 610 686 657 etiam,
717 611 841 648 multo
870 624 1045 648 successu
1074 611 1204 648 Fabiis
1232 624 1295 647 au-

82 688 96 711 4
115 673 262 710 daciam
293 687 468 712 crescere.
528 674 669 724 Itaque
700 680 739 711 et
770 688 908 724 pecora
937 676 1200 724 praedantibus
1229 675 1295 712 ali-

114 739 275 788 quoties,
297 739 406 776 velut
431 752 522 776 casu
548 740 784 786 incidissem,
807 741 960 777 obviam
987 746 1083 787 acta,
1105 745 1145 777 et
1172 753 1295 790 agres-

114 803 214 840 tium
247 803 342 852 fuga
370 804 474 840 vasti
502 804 629 840 relicti
658 804 752 853 agri,
780 808 820 841 et
848 804 1019 841 subsidia
1047 808 1293 849 armatorum,

116 868 163 904 ad
183 869 366 905 arcendas
386 868 655 917 populationes
674 868 800 914 missa,
819 869 957 917 saepius
977 868 1159 905 simulabo
1179 881 1295 917 quam

85 948 99 971 5
117 946 207 969 vero
227 946 369 982 pavore
388 934 622 982 refugerunt.
673 933 836 982 Iamque
856 933 969 969 Fabii
988 933 1083 969 adeo
1104 938 1297 981 contemp-

116 1001 247 1034 serant
272 997 434 1043 hostem,
454 1002 499 1034 ut
525 1011 595 1034 sua
617 998 764 1034 invicta
786 1011 893 1034 arma
920 1010 1046 1046 neque
1072 998 1154 1034 loco
1174 1010 1297 1046 neque

117 1065 288 1111 tempore
325 1062 405 1098 ullo
442 1063 642 1099 crederent
678 1062 863 1099 sustineri
895 1075 1014 1110 posse.
1083 1061 1180 1097 Haec
1213 1073 1298 1109 spes

117 1127 306 1175 provexit,
339 1131 385 1163 ut
416 1127 465 1163 ad
495 1131 698 1176 conspecta
730 1127 864 1176 procul
895 1140 917 1162 a
950 1126 1131 1162 Cremera
1159 1138 1298 1174 magno

118 1191 243 1240 campi
270 1191 476 1227 intervallo
505 1203 651 1239 pecora,
673 1203 895 1240 quanquam
923 1203 1010 1226 rara
1038 1190 1209 1226 hostium
1236 1202 1298 1238 ap-

86 1265 101 1289 6
117 1255 308 1304 parebant
345 1267 461 1300 arma,
502 1254 758 1291 decurrerent.
830 1255 882 1290 Et
928 1267 1047 1303 quum
1093 1252 1298 1302 improvidi

118 1320 237 1356 effuso
263 1332 377 1355 cursu
406 1318 567 1355 insidias
593 1319 692 1355 circa
717 1319 845 1367 ipsum
871 1318 947 1354 iter
965 1318 1108 1354 locatas
1127 1330 1298 1366 superas-

118 1389 204 1422 sent
241 1384 439 1433 palatique
477 1384 617 1432 passim
656 1396 763 1432 vaga,
803 1388 848 1420 ut
886 1384 930 1419 fit
967 1395 1108 1431 pavore
1141 1383 1294 1429 iniecto,

118 1454 301 1498 raperent
337 1462 483 1498 pecora,
524 1449 652 1485 subito
689 1462 738 1485 ex
771 1449 922 1485 insidiis
951 1448 1196 1497 consurgitur
1211 1461 1221 1494 3
1259 1453 1299 1485 et

88 1529 102 1552 7
119 1513 271 1550 adversi
299 1517 339 1550 et
366 1513 537 1562 undique
565 1513 692 1549 hostes
720 1516 841 1549 erant.
901 1512 1032 1548 Primo
1058 1511 1202 1548 clamor
1229 1511 1297 1548 cir-

120 1579 310 1616 cumlatus
323 1578 525 1626 exterruit,
542 1578 631 1614 dein
652 1578 729 1615 tela
741 1578 789 1614 ab
802 1578 908 1614 omni
922 1581 1031 1627 parte
1047 1577 1270 1614 accidebant
1285 1591 1295 1624 3

121 1644 426 1693 coeuntibusque
453 1643 639 1689 Etruscis,
660 1644 736 1680 iam
764 1643 979 1679 continenti
1006 1642 1158 1692 agmine
1178 1655 1297 1679 arma-

120 1714 249 1746 torum
269 1709 387 1758 saepti,
407 1721 482 1757 quo
502 1709 623 1757 magis
642 1722 681 1745 se
700 1708 821 1744 hostis
841 1707 1044 1755 inferebat,
1063 1708 1298 1755 cogebantur

89 1774 296 1811 sbreviore
329 1773 454 1822 spatio
484 1777 523 1809 et
552 1773 627 1822 ipsi
660 1773 789 1809 orbem
823 1772 1010 1820 colligere,
1051 1784 1134 1820 quae
1172 1784 1230 1807 res
1259 1775 1298 1807 et

120 1838 353 1888 paucitatem
386 1851 517 1874 eorum
551 1837 741 1886 insignem
776 1841 815 1873 ct
852 1836 1144 1872 multitudinem
1184 1835 1297 1871 Etru-

89 1922 104 1946 9
121 1916 280 1950 socrum,
298 1902 567 1951 multiplicatis
587 1902 628 1938 in
647 1906 732 1938 arto
752 1901 962 1946 ordinibus,
978 1900 1149 1937 faciebat.
1198 1900 1297 1936 Tum

122 1968 263 2006 omissa
290 1979 431 2017 pugna,
453 1979 569 2015 quam
597 1966 639 2002 in
667 1978 799 2002 omnes
828 1969 956 2014 partes
977 1977 1106 2013 parem
1126 1964 1298 2002 intende-

122 2036 223 2080 rant,
261 2032 303 2068 in
340 2043 461 2067 unum
499 2030 624 2067 10011111
663 2043 703 2067 se
735 2043 867 2067 omncs
900 2029 1113 2075 inclinant,
1152 2042 1196 2065 eo
1223 2030 1297 2066 nisi

79 2114 108 2131 ιο
124 2097 345 2147 corporibus
369 2097 560 2145 armisque
590 2108 728 2145 rupere
757 2107 878 2131 cuneo
907 2094 1019 2130 viam.
1079 2094 1208 2130 Duxit
1236 2094 1299 2131 via

121 2162 163 2198 in
181 2161 332 2198 editum
351 2160 491 2197 leniter
510 2160 653 2197 00110111.
712 2159 811 2195 Inde
831 2159 953 2208 primo
969 2158 1166 2204 restitere,
1196 2170 1296 2203 mox,

123 2231 167 2263 ut
197 2225 409 2274 respirandi
439 2225 611 2274 superior
640 2224 744 2261 locus
773 2223 941 2272 spatium
975 2222 1082 2259 dedit
1118 2221 1297 2271 recipien-
