1438 2466
108 153 212 179 men.
234 139 328 192 449]
553 141 721 178 LIBER
760 140 843 177 III.
1206 141 1276 180 161

107 238 206 276 aedes
225 238 422 288 Apollinis
440 242 499 276 est
523 237 615 287 (iam
640 242 724 274 tum
751 237 978 287 Apollinare
1005 237 1278 288 appellabant),

107 315 314 339 avocavere
340 306 526 340 senatum.
585 302 668 340 Ubi
692 315 811 351 quum
832 302 980 351 ingenti
1007 314 1192 339 consensu
1221 315 1281 351 pa·
1303 313 1318 338 8

109 369 214 402 trum
241 370 446 415 negaretur
473 365 703 415 triumphus,
734 365 775 402 L.
808 365 942 402 Icilius
960 365 1141 402 tribunus
1161 364 1282 414 plebis

109 428 202 466 tulit
223 429 272 466 ad
300 429 482 479 populum
511 429 557 465 de
585 428 782 478 triumpho
810 428 1021 475 consulum,
1047 428 1182 465 multis
1209 427 1282 466 dis-

109 505 266 530 suasum
290 491 577 541 prodeuntibus,
599 491 767 528 maxime
790 491 831 528 C.
854 491 1014 528 Claudio
1033 490 1281 537 vociferante,

110 556 157 593 de
170 555 354 605 patribus,
370 568 448 592 non
463 555 509 591 de
528 554 704 592 hostibus
723 554 895 592 consules
913 554 1152 605 triumphare
1171 555 1280 600 velle,
1301 568 1316 593 9

109 618 347 669 gratiamque
371 630 439 668 pro
462 618 614 667 privato
639 619 777 655 merito
803 618 845 655 in
869 619 1081 665 tribunum,
1111 631 1189 656 non
1214 631 1282 667 pro

83 725 86 728 ,
111 683 255 720 virtute
283 683 464 719 honorem
493 682 583 732 peti.
645 682 855 732 Nunquam
884 686 975 718 ante
1005 681 1051 719 de
1087 681 1283 731 triumpho

110 760 178 797 per
195 747 378 797 populum
397 751 550 793 actum3
577 759 726 796 semper
749 747 1042 784 aestimationem
1067 746 1284 783 arbitrium-

111 822 184 860 que
202 809 283 847 eius
302 809 456 846 honoris
470 821 586 859 penes
605 814 780 846 senatum
795 809 913 846 fuisse
919 822 930 856 3
950 822 998 846 ne
1013 822 1117 859 reges
1129 809 1281 859 quidem
1307 824 1337 841 ιο

111 871 349 909 maiestatem
368 872 507 908 summi
526 871 672 909 ordinis
691 872 937 910 imminuisse.
996 872 1058 910 Ne
1077 873 1133 909 ita
1155 873 1285 910 omnia

111 935 259 972 tribuni
283 936 485 986 potestatis
509 949 586 973 suae
608 936 822 986 implerent,
848 942 893 973 ut
915 936 1066 973 nullum
1089 936 1284 986 publicum

112 999 312 1036 consilium
333 999 502 1036 sinerent
520 1011 609 1036 esse.
655 999 718 1035 Ita
736 999 889 1036 demum
909 1000 1068 1036 liberam
1088 1000 1284 1037 civitatem

113 1064 205 1110 fore,
225 1063 281 1100 ita
299 1068 468 1112 aequatas
487 1063 597 1113 legeS,
618 1064 650 1100 si
669 1077 737 1100 sua
760 1064 920 1113 quisque
945 1064 1029 1100 iura
1053 1064 1157 1110 ordo,
1178 1077 1285 1101 suam

114 1128 351 1165 maiestatem
375 1133 513 1165 teneat.
571 1129 621 1165 In
650 1129 809 1166 eandem
837 1129 1070 1166 sententiam
1097 1129 1221 1165 multa
1247 1132 1287 1165 et
1309 1149 1337 1166 n

114 1206 137 1229 a
154 1192 290 1229 ceteris
307 1192 520 1229 senioribus
546 1197 699 1241 patrum
727 1205 847 1242 quum
872 1197 999 1229 essent
1021 1192 1134 1238 dicta,
1155 1205 1286 1229 omnes

115 1255 239 1293 tribus
258 1268 340 1292 eam
359 1255 594 1305 rogationem
615 1260 852 1305 acceperunt.
901 1256 997 1292 Tum
1018 1256 1184 1305 primum
1204 1255 1287 1292 sine

114 1321 344 1358 auctoritate
363 1325 518 1357 senatus
537 1320 669 1370 populi
688 1321 792 1358 iussu
812 1321 1094 1370 triumphatum
1113 1325 1183 1358 est.

194 1384 289 1421 Haec
315 1384 476 1421 victoria
500 1384 743 1420 tribunorum
768 1383 965 1433 plebisque
988 1396 1104 1433 prope
1123 1383 1164 1420 in
1183 1382 1287 1420 haud
1308 1381 1358 1418 64

114 1447 304 1485 salubrem
324 1447 517 1484 luxuriam
543 1447 673 1494 vertit,
694 1447 975 1496 conspiratione
1003 1485 1028 1508 Α
1041 1484 1195 1514 conspiracy
1204 1482 1287 1508 ottho

114 1513 217 1549 inter
244 1511 420 1548 tribunos
452 1511 562 1557 facta,
598 1516 643 1547 ut
673 1511 788 1548 iidem
826 1511 975 1547 tribuni
1002 1515 1287 1544 tribunestoprocure

1001 1545 1072 1570 their
1104 1545 1256 1569 re-election

115 1577 369 1622 reficerentur,
386 1579 435 1622 et,
457 1587 532 1624 quo
550 1587 620 1611 sua
638 1574 766 1611 minus
785 1574 974 1624 cupiditas
1001 1575 1148 1630 ffi‘mged
1163 1574 1287 1629 byssffle‘

115 1640 310 1691 emineret,
320 1638 539 1676 consulibus
545 1650 695 1688 quoque
707 1639 977 1675 continuarent
1004 1636 1288 1697 ffiffiffingssn'fy'

115 1704 390 1754 magistratum.
422 1704 658 1742 Consensum
677 1708 830 1753 patrum
850 1715 975 1739 eausa-
1003 1697 1286 1756 {fs'gtgffi'wffiffieffi
1309 1725 1322 1741 2

115 1769 268 1815 bantur,
288 1782 363 1818 quo
388 1782 455 1819 per
479 1768 749 1806 contumeliam
776 1768 975 1805 consulum
1003 1757 1286 1813 {ssfg'ed‘ssssssnffissffi

115 1833 199 1870 iura
217 1833 339 1883 p1eb1s
358 1833 542 1870 abes-ieta
563 1838 698 1870 essent.
753 1832 855 1878 Quid
875 1833 976 1870 futu·
1003 1819 1289 1878 ἑῖἑῒὲῗὲρὲἓὲῗᾶᾛ
1308 1848 1322 1871 ³

115 1911 200 1935 rum
229 1898 399 1935 nondum
424 1899 585 1935 firmatis
612 1898 770 1948 legibus,
797 1897 829 1935 si
856 1910 976 1934 novos
1003 1882 1093 1911 ‘'ma“
1104 1879 1155 1904 five
1166 1886 1248 1904 ’ΠΜ

115 1962 290 1998 tribunos
308 1975 376 2011 per
394 1961 569 1999 factionis
589 1975 665 1999 suae
685 1961 858 1999 consules
877 1961 1004 1998 adorti
1022 1961 1173 1998 essent‘l
1209 1973 1287 1998 non

116 2026 216 2063 enim
246 2039 395 2075 semper
421 2026 598 2063 Valerios
624 2025 886 2075 Horatiosque
912 2024 1085 2062 consules
1110 2025 1200 2070 fore,
1221 2025 1288 2074 qui

115 2091 287 2129 libertati
309 2091 430 2140 plebis
455 2104 542 2128 suas
566 2103 654 2140 opes
679 2090 921 2140 postferrent.
980 2089 1096 2126 Forte
1123 2089 1287 2143 quadam
1308 2102 1323 2126 ⁴

115 2155 204 2194 utili
232 2155 280 2192 ad
306 2160 468 2204 tempus,
489 2159 534 2191 ut
562 2154 727 2191 comitiis
753 2158 942 2204 praeesset,
971 2153 1209 2203 potissimum
1229 2153 1283 2191 M.

116 2219 264 2258 Duillio
290 2223 391 2256 sorte
419 2218 559 2265 evenit,
590 2217 673 2255 viro
701 2217 882 2267 prudenti
915 2229 961 2254 ex
999 2216 1288 2254 continuatione

227 2306 258 2336 s.
280 2305 316 2336 L.
1123 2294 1172 2333 11
