1438 2466
162 117 236 155 168
660 115 808 154 LIVII
1101 113 1232 166 [A.U.c.
1255 115 1330 162 308

159 227 292 264 capere
328 218 454 264 potest
487 218 526 250 et
561 217 717 262 patrum
753 216 972 260 vestrosque
1001 211 1180 260 antiquos
1209 222 1332 247 mores

112 297 142 321 13
161 279 280 315 vultis
311 291 379 327 pro
411 279 472 314 his
503 277 614 314 novis
647 289 806 322 sumere,
835 276 943 312 nulla
974 275 1161 324 supplicia
1188 287 1329 320 recuso,

158 345 234 381 nisi
253 345 384 394 paucis
403 344 538 381 diebus
563 343 632 380 hos
650 343 893 392 populatores
912 355 1090 391 agrorum
1113 345 1332 377 nostrorum

159 410 261 447 fusos
293 409 521 459 fugatosque
559 407 693 445 castris
732 419 872 444 exuero
906 411 945 443 et
977 419 999 442 a
1035 406 1156 455 portis
1191 404 1333 441 nostris

160 473 423 522 moenibusque
455 473 503 509 ad
539 472 693 508 illorum
725 471 838 507 urbes
870 470 973 506 hunc
1005 469 1097 506 belli
1134 474 1330 515 terrorem,

160 550 235 587 quo
255 550 358 574 nunc
377 549 444 573 vos
470 536 626 573 attoniti
647 535 749 581 estis,
770 534 1039 571 transtulero.''

93 605 140 642 69
241 603 344 639 Raro
373 602 465 638 alias
493 600 641 639 tribuni
669 599 863 650 popularis
883 599 1005 635 oratio
1025 597 1214 647 acceptior
1233 597 1334 647 plebi

128 688 142 704 2
479 677 593 713 quam
613 667 706 700 tunc
724 661 954 699 severissimi
973 661 1138 698 consulis
1157 661 1241 699 fuit.
1274 660 1336 696 Iu-

162 709 200 732 Its
220 709 342 739 salutary
361 709 443 733 effect.
960 727 967 733 .

160 739 217 763 The
248 740 308 769 levy
334 740 355 763 is
384 739 445 763 hem
482 733 622 766 ventus
651 740 812 778 quoque,
842 740 925 776 quae
958 730 1060 763 inter
1087 726 1183 762 tales
1211 729 1336 762 metus

161 771 280 794 οιιιιιὶιιιη
292 777 427 795 consensu.
886 791 893 798 .
1218 790 1225 797 .

483 793 798 830 detrectationem
812 791 962 828 mihtiae
975 791 1096 827 telum
1109 803 1335 826 acerrimum

162 858 345 895 adversus
375 863 504 908 patres
536 858 675 895 habere
705 857 818 894 solita
855 860 946 901 erat,
985 868 1091 892 arma
1123 859 1162 891 et
1193 854 1336 891 bellum

162 923 366 971 spectabat.
424 922 478 959 Et
507 922 716 971 agrestium
746 921 838 969 fuga
862 918 1090 968 spoliatique
1114 918 1155 954 in
1177 918 1277 967 agris
1299 923 1339 955 et

162 987 365 1034 vulnerati,
387 987 544 1024 foediora
571 987 628 1032 iis,
651 998 734 1035 quae
762 984 1065 1021 subiiciebantur
1093 983 1221 1029 oculis,
1243 996 1342 1019 nun-

130 1066 144 1090 3
162 1049 313 1095 tiantes,
334 1053 456 1086 totam
484 1050 619 1086 urbem
647 1048 705 1084 ira
729 1047 944 1096 implevere.
1003 1046 1052 1082 In
1077 1050 1253 1083 senatum
1272 1046 1340 1083 ubi

164 1116 323 1149 ventum
351 1118 420 1158 est,
450 1112 505 1148 ibi
534 1124 624 1149 vero
651 1111 693 1148 in
734 1110 960 1156 Quinctium
999 1122 1130 1146 omnes
1166 1110 1268 1146 versi
1295 1113 1341 1146 ut

164 1191 285 1214 unum
319 1178 510 1214 vindicem
544 1175 755 1213 maiestatis
790 1176 972 1212 Romanae
1010 1175 1164 1220 intueri,
1197 1179 1236 1212 et
1267 1175 1340 1225 pri-

164 1256 287 1279 mores
301 1247 454 1292 patrum
475 1242 631 1292 dignam
651 1241 776 1278 dicere
796 1241 1013 1277 contionem
1032 1240 1192 1289 imperio
1211 1253 1341 1277 consu-

165 1307 247 1354 lari,
279 1307 434 1357 dignam
464 1311 523 1343 tot
553 1306 813 1342 consulatibus
835 1309 925 1342 ante
953 1305 1058 1350 actis,
1080 1305 1236 1353 dignam
1261 1304 1342 1340 vita

165 1371 279 1417 omni,
307 1372 419 1421 plena
443 1371 631 1407 honorum
659 1382 756 1418 saepe
788 1374 993 1417 gestorum,
1025 1369 1162 1418 saepius
1189 1369 1341 1405 merito-

133 1459 148 1481 4
166 1450 261 1473 rum.
320 1437 432 1472 Alios
463 1436 634 1472 consules
663 1439 731 1471 aut
759 1448 826 1484 per
860 1435 1112 1483 proditionem
1142 1435 1344 1483 dignitatis

165 1506 318 1551 patrum
347 1501 449 1550 plebi
477 1500 653 1537 adulatos
681 1504 749 1536 aut
773 1500 906 1536 acerbe
932 1499 1076 1535 tuendo
1095 1499 1180 1535 iura
1198 1499 1343 1535 ordinis

166 1566 396 1615 asperiorem
416 1564 608 1600 domando
633 1563 925 1599 multitudinem
954 1562 1084 1598 fecisse
1099 1576 1107 1608 3
1136 1563 1175 1599 T.
1202 1562 1342 1607 Quinc-

167 1631 264 1666 tium
297 1629 508 1666 orationem
539 1640 743 1664 memorem
771 1627 983 1663 maiestatis
1014 1630 1165 1675 patrum
1197 1640 1345 1663 concor-

168 1695 313 1744 ‹liaequc
350 1693 527 1730 ordinum
565 1697 603 1729 et
640 1697 857 1741 temporum
896 1692 936 1727 in
974 1691 1109 1740 primis
1155 1691 1340 1729 habuisse.

137 1776 151 1799 5
169 1759 287 1795 Orare
307 1771 394 1794 eum
414 1758 683 1806 collegamque,
705 1762 750 1794 ut
769 1761 1007 1806 capesserent
1028 1769 1107 1792 rom
1128 1758 1319 1806 publicam
1334 1772 1344 1805 5

169 1837 275 1859 orare
294 1823 479 1867 tribunos,
502 1826 547 1858 ut
575 1835 652 1858 uno
680 1822 809 1858 animo
837 1834 923 1857 011111
953 1821 1173 1858 consulibus
1201 1821 1345 1858 1101111111

168 1889 216 1925 ab
236 1888 329 1924 urbe
349 1900 392 1924 ac
411 1887 600 1923 moenibus
622 1886 837 1935 propulsari
857 1886 1001 1922 vellent
1021 1885 1244 1935 plebemque
1264 1886 1346 1922 obc-

169 1952 338 1989 dientem
367 1951 407 1987 in
432 1964 472 1987 re
492 1955 570 1986 tam
591 1950 741 1999 trepida
760 1950 934 1999 patribus
954 1950 1191 1998 praeberent3
1218 1949 1344 1999 appol-

169 2017 249 2053 lare
269 2015 444 2051 tribunos
463 2027 701 2051 communem
731 2014 895 2062 patriam
924 2012 1188 2062 auxiliumque
1216 2025 1347 2050 eorum

138 2089 153 2113 6
170 2079 373 2127 implorare
394 2077 554 2113 vastatis
573 2077 684 2126 agi·iS‚
709 2077 800 2113 urbe
827 2089 943 2125 prope
965 2080 1194 2125 oppugnata.
1253 2077 1346 2113 Con-

170 2156 281 2179 sensu
304 2142 473 2177 omnium
495 2141 656 2178 dilectus
676 2141 894 2177 decernitur
913 2141 1158 2190 halwturquc.
1219 2141 1345 2186 Quum

173 2207 344 2243 consules
373 2206 411 2241 in
437 2205 614 2242 contione
640 2205 967 2253 pronuntiassent,
989 2210 1138 2253 tmnpus
1167 2217 1242 2241 non
1268 2218 1347 2241 csso
