1438 2466
125 141 231 169 mon.
253 129 346 183 446]
570 130 739 168 LIBER
774 130 826 168 II
825 130 852 168 I
851 161 859 169 .
1225 132 1295 170 167

125 240 207 277 que,
224 241 247 264 a
265 228 406 277 quibus
424 240 572 277 semper
590 240 667 264 non
686 232 812 264 vestra
827 229 972 264 virtute
991 227 1294 276 innocentiaque,

124 291 190 328 sed
215 292 362 328 auxilio
386 291 510 329 alieno
535 292 612 328 tuti
638 292 748 329 sitis?
802 292 860 328 At
885 291 1064 338 hercules,
1086 304 1205 341 quum
1228 292 1293 328 sti-
1313 308 1329 331 ⁶

124 355 263 404 pendia
292 355 402 392 nobis
430 355 660 401 consulibus,
690 368 768 392 non
798 355 965 392 tribunis
997 355 1158 392 ducibus
1187 364 1226 391 et
1255 356 1296 391 in

122 419 266 465 castris,
293 433 370 456 non
395 420 435 456 in
461 420 542 456 foro
567 419 764 456 faciebatis
789 424 829 456 et
853 419 895 456 in
920 419 999 456 acie
1026 423 1195 456 vestrum
1221 419 1293 456 cla-

123 495 266 520 morem
292 483 430 530 hostes,
455 495 532 520 non
557 483 598 520 in
623 484 800 521 contione
825 488 952 532 patres
978 483 1145 520 Romani
1170 483 1294 520 horre-

122 546 227 593 bant,
249 546 375 595 praeda
396 551 518 596 parta,
538 559 629 596 agro
655 559 702 584 ex
727 547 836 584 hoste
854 551 977 596 capto,
998 547 1101 596 pleni
1127 547 1292 584 fortuna

122 623 207 646 rum
233 610 439 660 gloriaeque
466 611 581 647 simul
613 611 785 660 publicae,
815 611 929 648 simul
959 611 1129 660 privatae,
1159 611 1291 647 trium—

92 707 96 710 .
121 673 284 722 phantes
302 674 457 711 domum
476 674 525 711 ad
550 680 708 724 penates
730 675 912 711 redibatis
926 688 936 722 5
965 687 1067 711 nunc
1093 680 1291 712 oneratum

121 739 256 775 vestris
284 738 451 776 fortunis
483 739 631 776 hostem
664 739 768 775 abire
804 739 940 776 sinitis.
1000 739 1156 776 Haerete
1188 740 1293 776 affixi
1312 757 1326 780 7

118 802 360 840 contionibus
379 807 418 839 et
443 803 484 839 in
510 802 593 840 foro
612 803 759 850 vivite3
787 807 970 852 sequetur
996 815 1063 840 vos
1088 803 1293 840 necessitas

118 866 324 912 militandi,
359 879 473 915 quam
507 866 652 916 fugitis.
712 866 839 903 Grave
876 871 959 903 erat
996 867 1036 902 in
1068 866 1218 915 AEquos
1254 872 1293 903 et

119 929 277 966 Volscos
310 930 522 978 proficisci3
560 935 651 966 ante
683 935 811 979 portas
844 934 902 966 est
933 929 1077 966 bellum
1091 942 1102 976 3
1138 930 1171 966 si
1203 930 1292 966 inde

117 1005 196 1030 non
221 993 389 1042 pellitur,
411 994 487 1030 iam
506 994 610 1030 iutra
629 981 1077 1031 moenia-ermin‘
1085 985 1124 1031 et
1143 994 1292 1044 Capito-

115 1058 211 1095 lium
244 1059 402 1096 scandet
433 1063 473 1095 et
508 1059 550 1095 in
583 1059 714 1096 domos
748 1063 895 1095 vestras
929 1071 994 1095 vos
1031 1063 1288 1108 persequetur.

117 1122 280 1159 Biennio
309 1127 400 1159 ante
427 1127 583 1160 senatus
611 1122 793 1159 dilectum
822 1121 955 1158 haberi
982 1126 1022 1158 et
1051 1121 1160 1159 educi
1188 1134 1291 1159 exer·
1307 1133 1322 1157 8

114 1186 233 1223 citum
258 1187 299 1223 in
319 1186 507 1235 Algidum
533 1186 646 1223 iussit
658 1200 668 1233 3
697 1186 872 1223 sedemus
896 1186 1045 1223 desides
1070 1186 1184 1232 domi,
1210 1199 1290 1223 mu-

114 1250 251 1287 lierum
279 1252 358 1287 ritu
387 1251 488 1287 inter
516 1263 586 1287 nos
613 1250 850 1297 altercantes,
881 1250 1061 1299 praesenti
1090 1263 1180 1300 pace
1208 1250 1291 1287 laeti

114 1326 182 1350 nec
201 1319 407 1360 cernentes,
429 1327 477 1351 ex
496 1315 575 1352 otio
594 1315 660 1351 illo
679 1314 787 1351 brevi
806 1313 1011 1363 multiplex
1030 1313 1174 1350 bellum
1193 1313 1291 1351 redi-

113 1383 254 1415 turum.
313 1379 390 1415 His
408 1392 477 1429 ego
495 1379 664 1428 gratiora
682 1379 789 1416 dictu
814 1379 890 1416 alia
908 1391 988 1416 esse
1007 1378 1108 1425 sci03
1136 1379 1202 1415 sed
1229 1391 1290 1415 me
1306 1396 1322 1421 9

114 1457 204 1481 vera
222 1456 291 1493 pro
309 1444 429 1493 gratis
448 1444 565 1493 loqui,
586 1444 659 1481 etsi
684 1456 811 1480 meum
837 1443 1034 1492 ingenium
1054 1455 1132 1480 non
1157 1456 1287 1480 mone-

114 1512 183 1553 ret,
208 1507 412 1544 necessitas
435 1508 545 1556 cogit.
604 1507 757 1544 Vellem
785 1506 963 1556 equidem
991 1506 1100 1544 vobis
1127 1506 1277 1556 placere

114 1570 308 1616 Quirites;
336 1570 401 1606 sed
425 1570 548 1607 multo
568 1569 668 1606 malo
688 1582 756 1606 vos
775 1569 899 1606 salvos
919 1581 1010 1616 esse,
1031 1569 1288 1618 qualicunque

113 1647 203 1683 erga
232 1646 292 1675 me
319 1634 448 1671 animo
474 1634 596 1671 futuri
623 1634 724 1670 estis.
783 1633 938 1670 Natura
965 1633 1034 1670 hoc
1060 1633 1116 1670 ita
1140 1646 1288 1683 compa·
1309 1651 1340 1668 ιο

115 1703 243 1734 ratum
272 1702 339 1744 est,
370 1703 425 1744 ut,
455 1699 522 1748 qui
550 1698 652 1747 apud
680 1697 970 1734 multitudinem
998 1710 1067 1734 sua
1095 1709 1207 1734 causa
1237 1697 1289 1734 lo-

114 1763 256 1811 quitur,
274 1762 421 1811 gratior
436 1775 478 1799 eo
494 1762 555 1807 sit,
570 1763 679 1799 cuius
695 1775 801 1798 mens
819 1761 918 1797 nihil
938 1766 1077 1810 praeter
1095 1761 1290 1810 publicum

113 1824 354 1862 commodum
393 1825 499 1862 videt
514 1839 524 1871 5
571 1825 646 1861 nisi
683 1825 780 1861 forte
816 1827 1070 1861 assentatores
1107 1823 1288 1872 publicos,

114 1888 318 1938 plebicolas
343 1874 447 1935 istos,
468 1889 535 1938 qui
561 1901 628 1925 vos
653 1901 722 1925 nec
747 1888 787 1924 in
815 1888 932 1924 armis
956 1900 1025 1924 nec
1051 1888 1092 1923 in
1111 1887 1189 1924 otio
1209 1900 1290 1924 esse

113 1954 257 1998 sinunt,
280 1958 409 1988 vestra
436 1965 501 1989 vos
526 1964 639 1989 causa
663 1952 824 1988 incitare
843 1956 881 1988 et
906 1951 1104 1988 stimulare
1130 1952 1284 2000 putatis·

114 2015 307 2053 Concitati
326 2020 394 2052 aut
413 2015 547 2052 honori
567 2020 636 2052 aut
655 2016 818 2064 quaestui
838 2015 915 2051 illis
934 2015 1048 2060 estis3
1075 2018 1115 2050 et
1133 2015 1225 2063 quia
1247 2015 1288 2051 in
1310 2035 1337 2052 ιι

113 2079 312 2116 concordia
331 2079 508 2116 ordinum
528 2079 655 2116 nullos
674 2092 714 2116 se
733 2092 894 2129 usquam
914 2092 993 2116 esse
1014 2077 1157 2124 vident,
1179 2078 1287 2116 malae

113 2144 170 2180 rei
201 2156 241 2180 se
273 2156 387 2192 quam
417 2143 572 2190 nullius,
602 2144 804 2180 turbarum
835 2157 878 2180 ac
907 2143 1140 2180 seditionum
1172 2143 1285 2181 duces

113 2219 193 2245 esse
222 2207 366 2243 volunt.
426 2207 597 2251 Quarum
627 2220 752 2244 rerum
781 2207 815 2244 si
842 2219 909 2244 vos
937 2207 1094 2243 taedium
1127 2207 1281 2243 tandem
1303 2231 1331 2247 ‚2
