1438 2466
104 122 153 158 62
623 117 772 154 LIVII
922 115 1053 168 [A.u.c.
1077 117 1282 166 275—276

102 218 276 256 tumeliis
303 217 442 267 saepius
467 229 585 266 quam
610 216 781 266 periculo
803 216 953 253 animos
972 215 1158 265 agitabat,
1179 214 1283 264 quod

102 284 211 320 nullo
236 288 410 331 tempore
433 281 580 330 negligi
607 285 762 330 poterat
787 285 857 318 aut
878 280 1005 317 averti
1024 280 1099 316 alio
1118 279 1280 316 sinebat.

72 360 87 384 8
103 347 201 384 Tum
239 347 361 383 Fabia
391 359 485 395 gens
517 351 696 383 senatum
727 345 833 382 adiit.
892 344 1036 382 Consul
1069 357 1139 393 pro
1166 347 1282 393 gente

104 411 298 460 loquitur:
330 411 538 448 “Assiduo
566 410 689 459 magis
717 423 833 459 quam
861 422 1001 459 magno
1029 408 1217 458 praesidio,
1239 412 1285 445 ut

104 477 220 523 scitis,
261 480 388 525 patres
426 475 646 525 conscripti,
686 475 831 512 bellum
862 475 1008 512 Veiens
1045 477 1142 523 eget.
1201 473 1284 509 Vos

104 541 182 577 alia
217 540 317 577 bella
363 544 507 585 curate,
546 539 688 576 Fabios
733 539 863 576 hostes
899 538 1135 575 Veientibus
1181 536 1281 573 date.

104 605 298 640 Auctores
328 616 472 649 sumus,
497 607 635 642 *tutam
669 603 724 639 ibi
751 605 995 639 maiestatem
1023 601 1192 638 Romani
1219 613 1284 637 no-

74 691 89 715 9
105 667 220 704 minis
243 668 332 704 fore.
390 667 581 704 Nostrum
607 666 648 703 id
670 666 782 703 nobis
801 666 910 703 velut
929 665 1120 702 familiare
1139 664 1285 702 bellum

105 732 259 781 privato
291 735 450 780 sumptu
479 743 612 780 gerere
644 730 687 766 in
714 729 844 766 animo
872 733 930 766 est
944 742 954 776 3
983 741 1043 765 res
1069 727 1224 777 publica
1245 730 1286 764 et

61 815 91 831 ιο
106 796 230 832 milite
255 795 336 831 illic
362 799 402 832 et
427 795 591 844 pecunia
610 793 756 831 vacet.'’
815 793 961 830 Gratiae
980 793 1158 842 ingentes
1177 796 1283 828 actae.

109 860 254 898 Consul
280 873 301 896 e
329 860 436 896 curia
461 872 634 909 egressus
658 859 867 896 comitante
890 858 1099 894 Fabiorum
1119 857 1285 906 agmine,

107 925 176 974 qui
194 925 237 961 in
256 924 450 961 vestibulo
469 924 584 960 curiae
604 928 762 961 senatus
782 923 1001 960 consultum
1021 926 1288 972 exspectantes

108 991 309 1033 steterant,
330 987 490 1023 domum
514 987 625 1023 redit.
683 986 788 1023 Iussi
815 986 955 1022 armati
980 989 1133 1035 postero
1158 985 1220 1021 die
1239 985 1288 1021 ad

40 1055 90 1093 49
108 1052 226 1089 limen
247 1051 415 1088 consulis
433 1051 564 1088 adesse
578 1064 588 1098 3
617 1050 750 1088 domos
769 1050 858 1087 inde
879 1050 1092 1087 discedunt.
1150 1049 1289 1086 Manat

110 1121 194 1153 tota
221 1117 317 1153 urbe
343 1129 497 1162 rumor3
527 1116 670 1153 Fabios
695 1116 744 1152 ad
770 1116 904 1152 caelum
932 1115 1114 1152 laudibus
1132 1115 1288 1151 ferunt:

110 1181 296 1216 familiam
322 1193 441 1216 unam
466 1179 614 1216 subisse
634 1179 806 1216 civitatis
825 1192 923 1216 onus
939 1192 948 1225 3
979 1179 1125 1215 Veiens
1145 1178 1287 1215 bellum

79 1263 93 1279 2
111 1245 152 1281 in
171 1244 363 1294 privatam
384 1257 527 1289 curam,
549 1244 591 1280 in
610 1243 764 1292 privata
790 1256 897 1279 arma
918 1255 1080 1279 versum.
1140 1241 1181 1278 Si
1209 1241 1290 1278 sint

110 1309 194 1345 ‹luae
227 1308 376 1345 roboris
408 1308 579 1345 eiusdem
611 1308 654 1343 in
679 1307 774 1344 urbe
801 1311 945 1356 gentes,
976 1306 1184 1355 deposcant
1211 1305 1290 1342 haec

110 1373 272 1410 Volscos
291 1372 374 1419 sibi,
396 1372 464 1409 illa
484 1372 656 1421 AEquos:
686 1371 827 1421 populo
848 1371 1024 1408 Romano
1038 1360 1290 1419 tranquillam

112 1451 244 1487 pacem
273 1441 423 1487 agente,
453 1450 585 1474 omnes
613 1436 800 1473 finitimos
828 1435 957 1485 subigi
984 1435 1146 1485 populos
1168 1447 1287 1484 posse.

113 1503 225 1540 Fabii
248 1506 401 1552 postera
423 1501 484 1538 die
507 1514 613 1538 arma
633 1501 794 1550 capiunt
809 1515 819 1548 3
849 1513 924 1549 quo
944 1500 1038 1537 iussi
1058 1504 1180 1545 erant,
1202 1511 1289 1536 con-

82 1567 287 1607 3veniunt.
357 1565 502 1603 Consul
538 1565 749 1615 paludatus
785 1564 985 1614 egrediens
1021 1564 1063 1600 in
1099 1563 1292 1600 vestibulo

112 1635 266 1681 gentem
303 1643 452 1667 omnem
492 1642 601 1666 suam
640 1630 832 1666 instructo
868 1629 1022 1678 agmine
1058 1628 1189 1674 videt3
1235 1640 1292 1664 ac-

115 1700 247 1744 ceptus
276 1694 317 1730 in
345 1693 516 1730 modium
537 1694 647 1743 signa
667 1693 758 1730 ferri
778 1693 896 1730 iubet.
955 1692 1170 1742 Nunquam
1189 1704 1292 1729 exer-

115 1759 215 1797 citus
252 1771 377 1807 neque
414 1758 539 1794 minor
576 1770 738 1794 numero
774 1770 899 1807 neque
937 1756 1076 1794 clarior
1113 1757 1218 1793 fama
1255 1760 1294 1794 et

85 1823 372 1865 4admiratione
409 1822 610 1859 hominum
648 1835 716 1871 per
754 1823 888 1858 urbem
921 1821 1087 1859 incessit.
1146 1821 1223 1858 Sex
1255 1825 1295 1858 et

118 1888 280 1926 trecenti
313 1887 467 1934 milites,
500 1900 632 1924 omnes
659 1887 824 1937 patricii,
852 1900 984 1924 omnes
1011 1887 1128 1925 unius
1155 1887 1293 1937 gentis,

117 1967 283 2005 quorum
311 1953 505 1990 neminem
533 1953 668 1990 ducem
697 1966 907 2002 spernereS‚
938 1953 1114 2003 egregius
1142 1953 1295 2003 quibus-

118 2019 215 2056 libet
233 2019 473 2067 temporibus
498 2021 666 2063 senatus,
687 2018 809 2064 ibant,
830 2017 948 2054 unius
972 2017 1128 2055 familiae
1147 2017 1296 2054 viribus

90 2098 104 2122 s
120 2082 281 2120 Veienti
300 2082 440 2132 populo
459 2086 603 2132 pestem
623 2081 860 2118 minitantes.
909 2082 1151 2132 Sequebatur
1169 2081 1295 2130 turba,

121 2147 276 2198 propria
301 2146 378 2183 alia
402 2151 652 2196 cognatorum
681 2146 956 2196 sodaliumque,
987 2146 1085 2183 nihil
1115 2146 1294 2193 medium,

122 2225 192 2249 ncc
214 2224 321 2260 spem
349 2224 418 2248 nec
445 2223 587 2258 curam,
608 2210 675 2248 sed
700 2211 888 2248 immensa
907 2211 1037 2248 onmia
1056 2210 1296 2249 volventium
