<?xml version="1.0" encoding="UTF-8"?>
<!DOCTYPE html PUBLIC "-//W3C//DTD XHTML 1.0 Transitional//EN"
    "http://www.w3.org/TR/xhtml1/DTD/xhtml1-transitional.dtd">
<html xmlns="http://www.w3.org/1999/xhtml" xml:lang="en" lang="en">
 <head>
  <title>
</title>
<meta http-equiv="Content-Type" content="text/html;charset=utf-8" />
  <meta name='ocr-system' content='tesseract 3.04.00' />
  <meta name='ocr-capabilities' content='ocr_page ocr_carea ocr_par ocr_line ocrx_word'/>
</head>
<body>
  <div class='ocr_page' id='page_1' title='image "./booksiiiii00livyuoft_0149.png"; bbox 0 0 1438 2466; ppageno 0'>
   <div class='ocr_carea' id='block_1_1' title="bbox 123 131 1305 186">
    <p class='ocr_par' dir='ltr' id='par_1_1' title="bbox 123 131 1305 186">
     <span class='ocr_line' id='line_1_1' title="bbox 123 131 1305 186; baseline -0.001 -13"><span class='ocrx_word' id='word_1_1' title='bbox 123 144 229 173; x_wconf 42' lang='lat' dir='ltr'>non.</span> <span class='ocrx_word' id='word_1_2' title='bbox 252 131 346 186; x_wconf 82' lang='lat'>458]</span> <span class='ocrx_word' id='word_1_3' title='bbox 573 132 743 170; x_wconf 77' lang='lat' dir='ltr'><em>LIBER</em></span> <span class='ocrx_word' id='word_1_4' title='bbox 780 131 864 169; x_wconf 85' lang='lat' dir='ltr'><em>III.</em></span> <span class='ocrx_word' id='word_1_5' title='bbox 1234 133 1305 173; x_wconf 74' lang='lat'>117</span> 
     </span>
    </p>
   </div>
   <div class='ocr_carea' id='block_1_2' title="bbox 111 230 1356 1373">
    <p class='ocr_par' dir='ltr' id='par_1_2' title="bbox 111 230 1356 1373">
     <span class='ocr_line' id='line_1_2' title="bbox 122 230 1307 280; baseline 0 -12"><span class='ocrx_word' id='word_1_6' title='bbox 122 231 171 268; x_wconf 81' lang='lat' dir='ltr'>ab</span> <span class='ocrx_word' id='word_1_7' title='bbox 199 232 382 268; x_wconf 76' lang='lat' dir='ltr'>interiore</span> <span class='ocrx_word' id='word_1_8' title='bbox 411 231 520 267; x_wconf 88' lang='lat' dir='ltr'>hoste</span> <span class='ocrx_word' id='word_1_9' title='bbox 558 230 692 279; x_wconf 86' lang='lat' dir='ltr'>proelio</span> <span class='ocrx_word' id='word_1_10' title='bbox 722 235 857 280; x_wconf 87' lang='lat' dir='ltr'>coepto,</span> <span class='ocrx_word' id='word_1_11' title='bbox 892 244 939 267; x_wconf 87' lang='lat' dir='ltr'>ne</span> <span class='ocrx_word' id='word_1_12' title='bbox 976 243 1045 280; x_wconf 85' lang='lat' dir='ltr'>per</span> <span class='ocrx_word' id='word_1_13' title='bbox 1083 231 1207 267; x_wconf 80' lang='lat' dir='ltr'>media</span> <span class='ocrx_word' id='word_1_14' title='bbox 1237 244 1307 268; x_wconf 86' lang='lat' dir='ltr'>sua</span> 
     </span>
     <span class='ocr_line' id='line_1_3' title="bbox 121 294 1306 343; baseline -0.001 -11"><span class='ocrx_word' id='word_1_15' title='bbox 121 299 246 332; x_wconf 68' lang='lat' dir='ltr'>castra</span> <span class='ocrx_word' id='word_1_16' title='bbox 291 296 400 332; x_wconf 85' lang='lat' dir='ltr'>fieret</span> <span class='ocrx_word' id='word_1_17' title='bbox 443 294 608 343; x_wconf 75' lang='lat' dir='ltr'>eruptio,</span> <span class='ocrx_word' id='word_1_18' title='bbox 647 308 670 330; x_wconf 76' lang='lat' dir='ltr'>a</span> <span class='ocrx_word' id='word_1_19' title='bbox 706 295 971 331; x_wconf 75' lang='lat' dir='ltr'>munientibus</span> <span class='ocrx_word' id='word_1_20' title='bbox 1008 295 1057 331; x_wconf 88' lang='lat' dir='ltr'>ad</span> <span class='ocrx_word' id='word_1_21' title='bbox 1090 299 1306 343; x_wconf 85' lang='lat' dir='ltr'>pugnantes</span> 
     </span>
     <span class='ocr_line' id='line_1_4' title="bbox 120 359 1303 408; baseline -0.001 -12"><span class='ocrx_word' id='word_1_22' title='bbox 120 360 331 396; x_wconf 76' lang='lat' dir='ltr'>introrsum</span> <span class='ocrx_word' id='word_1_23' title='bbox 353 359 451 396; x_wconf 78' lang='lat' dir='ltr'>versi</span> <span class='ocrx_word' id='word_1_24' title='bbox 476 372 636 395; x_wconf 80' lang='lat' dir='ltr'>vacuam</span> <span class='ocrx_word' id='word_1_25' title='bbox 661 364 813 396; x_wconf 87' lang='lat' dir='ltr'>noctem</span> <span class='ocrx_word' id='word_1_26' title='bbox 842 359 949 408; x_wconf 89' lang='lat' dir='ltr'>operi</span> <span class='ocrx_word' id='word_1_27' title='bbox 973 359 1131 405; x_wconf 72' lang='lat' dir='ltr'>dedere5</span> <span class='ocrx_word' id='word_1_28' title='bbox 1158 372 1303 408; x_wconf 83' lang='lat' dir='ltr'>pugna-</span> 
     </span>
     <span class='ocr_line' id='line_1_5' title="bbox 120 422 1339 473; baseline 0.001 -13"><span class='ocrx_word' id='word_1_29' title='bbox 120 429 281 473; x_wconf 83' lang='lat' dir='ltr'>tumque</span> <span class='ocrx_word' id='word_1_30' title='bbox 304 436 391 459; x_wconf 89' lang='lat' dir='ltr'>cum</span> <span class='ocrx_word' id='word_1_31' title='bbox 419 422 574 459; x_wconf 83' lang='lat' dir='ltr'>consule</span> <span class='ocrx_word' id='word_1_32' title='bbox 599 423 647 458; x_wconf 87' lang='lat' dir='ltr'>ad</span> <span class='ocrx_word' id='word_1_33' title='bbox 671 422 796 458; x_wconf 89' lang='lat' dir='ltr'>lucem</span> <span class='ocrx_word' id='word_1_34' title='bbox 825 426 893 459; x_wconf 86' lang='lat' dir='ltr'>est.</span> <span class='ocrx_word' id='word_1_35' title='bbox 951 422 1055 459; x_wconf 87' lang='lat' dir='ltr'>Luce</span> <span class='ocrx_word' id='word_1_36' title='bbox 1080 422 1206 472; x_wconf 73' lang='lat' dir='ltr'>prima</span> <span class='ocrx_word' id='word_1_37' title='bbox 1228 423 1303 460; x_wconf 86' lang='lat' dir='ltr'>iam</span> <span class='ocrx_word' id='word_1_38' title='bbox 1323 436 1339 461; x_wconf 83' lang='lat'>8</span> 
     </span>
     <span class='ocr_line' id='line_1_6' title="bbox 119 486 1304 529; baseline 0 -5"><span class='ocrx_word' id='word_1_39' title='bbox 119 487 400 524; x_wconf 84' lang='lat' dir='ltr'>circumvallati</span> <span class='ocrx_word' id='word_1_40' title='bbox 418 487 468 523; x_wconf 87' lang='lat' dir='ltr'>ab</span> <span class='ocrx_word' id='word_1_41' title='bbox 487 486 675 523; x_wconf 87' lang='lat' dir='ltr'>dictatore</span> <span class='ocrx_word' id='word_1_42' title='bbox 690 491 812 529; x_wconf 80' lang='lat' dir='ltr'>erant,</span> <span class='ocrx_word' id='word_1_43' title='bbox 834 491 874 523; x_wconf 92' lang='lat' dir='ltr'>et</span> <span class='ocrx_word' id='word_1_44' title='bbox 893 487 962 523; x_wconf 80' lang='lat' dir='ltr'>vix</span> <span class='ocrx_word' id='word_1_45' title='bbox 978 487 1162 523; x_wconf 86' lang='lat' dir='ltr'>adversus</span> <span class='ocrx_word' id='word_1_46' title='bbox 1182 499 1304 524; x_wconf 89' lang='lat' dir='ltr'>unum</span> 
     </span>
     <span class='ocr_line' id='line_1_7' title="bbox 118 550 1304 601; baseline -0.002 -12"><span class='ocrx_word' id='word_1_47' title='bbox 118 553 330 590; x_wconf 84' lang='lat' dir='ltr'>exercitum</span> <span class='ocrx_word' id='word_1_48' title='bbox 359 564 529 601; x_wconf 87' lang='lat' dir='ltr'>pugnam</span> <span class='ocrx_word' id='word_1_49' title='bbox 565 551 820 588; x_wconf 74' lang='lat' dir='ltr'>sustinebant.</span> <span class='ocrx_word' id='word_1_50' title='bbox 878 551 976 587; x_wconf 85' lang='lat' dir='ltr'>Tum</span> <span class='ocrx_word' id='word_1_51' title='bbox 1015 564 1038 587; x_wconf 86' lang='lat' dir='ltr'>a</span> <span class='ocrx_word' id='word_1_52' title='bbox 1066 550 1304 595; x_wconf 83' lang='lat' dir='ltr'>Quinctiano</span> 
     </span>
     <span class='ocr_line' id='line_1_8' title="bbox 118 616 1303 665; baseline -0.001 -11"><span class='ocrx_word' id='word_1_53' title='bbox 118 617 302 661; x_wconf 82' lang='lat' dir='ltr'>exercitu,</span> <span class='ocrx_word' id='word_1_54' title='bbox 341 617 407 665; x_wconf 90' lang='lat' dir='ltr'>qui</span> <span class='ocrx_word' id='word_1_55' title='bbox 455 616 658 652; x_wconf 78' lang='lat' dir='ltr'>confestim</span> <span class='ocrx_word' id='word_1_56' title='bbox 695 629 719 652; x_wconf 90' lang='lat' dir='ltr'>a</span> <span class='ocrx_word' id='word_1_57' title='bbox 755 616 924 665; x_wconf 87' lang='lat' dir='ltr'>perfecto</span> <span class='ocrx_word' id='word_1_58' title='bbox 961 629 1073 665; x_wconf 91' lang='lat' dir='ltr'>opere</span> <span class='ocrx_word' id='word_1_59' title='bbox 1111 616 1160 652; x_wconf 87' lang='lat' dir='ltr'>ad</span> <span class='ocrx_word' id='word_1_60' title='bbox 1196 628 1303 653; x_wconf 85' lang='lat' dir='ltr'>arma</span> 
     </span>
     <span class='ocr_line' id='line_1_9' title="bbox 118 680 1299 729; baseline -0.001 -12"><span class='ocrx_word' id='word_1_61' title='bbox 118 681 245 726; x_wconf 84' lang='lat' dir='ltr'>rediit,</span> <span class='ocrx_word' id='word_1_62' title='bbox 265 680 467 716; x_wconf 81' lang='lat' dir='ltr'>invaditur</span> <span class='ocrx_word' id='word_1_63' title='bbox 494 680 650 716; x_wconf 79' lang='lat' dir='ltr'>vallum.</span> <span class='ocrx_word' id='word_1_64' title='bbox 710 681 788 716; x_wconf 89' lang='lat' dir='ltr'>Hic</span> <span class='ocrx_word' id='word_1_65' title='bbox 816 681 992 716; x_wconf 84' lang='lat' dir='ltr'>instabat</span> <span class='ocrx_word' id='word_1_66' title='bbox 1024 693 1125 715; x_wconf 82' lang='lat' dir='ltr'>nova</span> <span class='ocrx_word' id='word_1_67' title='bbox 1146 693 1275 729; x_wconf 81' lang='lat' dir='ltr'>pugna</span> <span class='ocrx_word' id='word_1_68' title='bbox 1290 695 1299 727; x_wconf 78' lang='lat'><em>3</em></span> 
     </span>
     <span class='ocr_line' id='line_1_10' title="bbox 118 744 1334 793; baseline 0 -12"><span class='ocrx_word' id='word_1_69' title='bbox 118 745 186 781; x_wconf 84' lang='lat' dir='ltr'>illa</span> <span class='ocrx_word' id='word_1_70' title='bbox 222 745 318 781; x_wconf 89' lang='lat' dir='ltr'>nihil</span> <span class='ocrx_word' id='word_1_71' title='bbox 358 745 559 780; x_wconf 79' lang='lat' dir='ltr'>remiserat</span> <span class='ocrx_word' id='word_1_72' title='bbox 595 744 710 793; x_wconf 85' lang='lat' dir='ltr'>prior.</span> <span class='ocrx_word' id='word_1_73' title='bbox 768 744 868 780; x_wconf 86' lang='lat' dir='ltr'>Tum</span> <span class='ocrx_word' id='word_1_74' title='bbox 906 744 1070 793; x_wconf 84' lang='lat' dir='ltr'>ancipiti</span> <span class='ocrx_word' id='word_1_75' title='bbox 1107 745 1208 781; x_wconf 87' lang='lat' dir='ltr'>malo</span> <span class='ocrx_word' id='word_1_76' title='bbox 1242 758 1300 781; x_wconf 86' lang='lat' dir='ltr'>ur·</span> <span class='ocrx_word' id='word_1_77' title='bbox 1319 763 1334 787; x_wconf 91' lang='lat'>9</span> 
     </span>
     <span class='ocr_line' id='line_1_11' title="bbox 115 809 1299 860; baseline -0.002 -13"><span class='ocrx_word' id='word_1_78' title='bbox 115 814 241 860; x_wconf 84' lang='lat' dir='ltr'>gente,</span> <span class='ocrx_word' id='word_1_79' title='bbox 263 823 286 846; x_wconf 83' lang='lat' dir='ltr'>a</span> <span class='ocrx_word' id='word_1_80' title='bbox 313 810 446 859; x_wconf 86' lang='lat' dir='ltr'>proelio</span> <span class='ocrx_word' id='word_1_81' title='bbox 473 809 522 845; x_wconf 85' lang='lat' dir='ltr'>ad</span> <span class='ocrx_word' id='word_1_82' title='bbox 547 821 678 858; x_wconf 81' lang='lat' dir='ltr'>preces</span> <span class='ocrx_word' id='word_1_83' title='bbox 704 809 806 845; x_wconf 85' lang='lat' dir='ltr'>versi</span> <span class='ocrx_word' id='word_1_84' title='bbox 830 809 921 845; x_wconf 88' lang='lat' dir='ltr'>hinc</span> <span class='ocrx_word' id='word_1_85' title='bbox 947 809 1187 854; x_wconf 83' lang='lat' dir='ltr'>dictatorem,</span> <span class='ocrx_word' id='word_1_86' title='bbox 1210 809 1299 845; x_wconf 88' lang='lat' dir='ltr'>hinc</span> 
     </span>
     <span class='ocr_line' id='line_1_12' title="bbox 115 874 1298 923; baseline -0.001 -11"><span class='ocrx_word' id='word_1_87' title='bbox 115 875 310 912; x_wconf 88' lang='lat' dir='ltr'>consulem</span> <span class='ocrx_word' id='word_1_88' title='bbox 339 887 456 919; x_wconf 87' lang='lat' dir='ltr'>orare,</span> <span class='ocrx_word' id='word_1_89' title='bbox 486 887 535 910; x_wconf 90' lang='lat' dir='ltr'>ne</span> <span class='ocrx_word' id='word_1_90' title='bbox 563 874 604 910; x_wconf 93' lang='lat' dir='ltr'>in</span> <span class='ocrx_word' id='word_1_91' title='bbox 633 874 828 911; x_wconf 84' lang='lat' dir='ltr'>occidione</span> <span class='ocrx_word' id='word_1_92' title='bbox 857 874 1061 910; x_wconf 81' lang='lat' dir='ltr'>victoriam</span> <span class='ocrx_word' id='word_1_93' title='bbox 1099 879 1298 923; x_wconf 81' lang='lat' dir='ltr'>ponerent,</span> 
     </span>
     <span class='ocr_line' id='line_1_13' title="bbox 116 937 1323 986; baseline -0.001 -11"><span class='ocrx_word' id='word_1_94' title='bbox 116 943 160 976; x_wconf 87' lang='lat' dir='ltr'>ut</span> <span class='ocrx_word' id='word_1_95' title='bbox 186 940 352 976; x_wconf 86' lang='lat' dir='ltr'>inermes</span> <span class='ocrx_word' id='word_1_96' title='bbox 384 951 425 975; x_wconf 88' lang='lat' dir='ltr'>se</span> <span class='ocrx_word' id='word_1_97' title='bbox 454 938 545 975; x_wconf 90' lang='lat' dir='ltr'>inde</span> <span class='ocrx_word' id='word_1_98' title='bbox 572 938 679 974; x_wconf 86' lang='lat' dir='ltr'>abire</span> <span class='ocrx_word' id='word_1_99' title='bbox 712 937 895 974; x_wconf 87' lang='lat' dir='ltr'>sinerent.</span> <span class='ocrx_word' id='word_1_100' title='bbox 956 938 1023 974; x_wconf 89' lang='lat' dir='ltr'>Ab</span> <span class='ocrx_word' id='word_1_101' title='bbox 1060 938 1214 974; x_wconf 86' lang='lat' dir='ltr'>consule</span> <span class='ocrx_word' id='word_1_102' title='bbox 1233 938 1323 986; x_wconf 24' lang='lat' dir='ltr'>„ad--</span> 
     </span>
     <span class='ocr_line' id='line_1_14' title="bbox 116 1001 1299 1051; baseline -0.002 -11"><span class='ocrx_word' id='word_1_103' title='bbox 116 1003 343 1040; x_wconf 82' lang='lat' dir='ltr'>dictatorem</span> <span class='ocrx_word' id='word_1_104' title='bbox 367 1003 424 1039; x_wconf 85' lang='lat' dir='ltr'>ire</span> <span class='ocrx_word' id='word_1_105' title='bbox 449 1003 543 1039; x_wconf 89' lang='lat' dir='ltr'>iussi</span> <span class='ocrx_word' id='word_1_106' title='bbox 557 1016 567 1049; x_wconf 77' lang='lat'><em>3</em></span> <span class='ocrx_word' id='word_1_107' title='bbox 595 1003 628 1039; x_wconf 87' lang='lat' dir='ltr'>is</span> <span class='ocrx_word' id='word_1_108' title='bbox 656 1002 908 1051; x_wconf 80' lang='lat' dir='ltr'>ignominiam</span> <span class='ocrx_word' id='word_1_109' title='bbox 929 1001 1106 1039; x_wconf 83' lang='lat' dir='ltr'>infensus</span> <span class='ocrx_word' id='word_1_110' title='bbox 1126 1002 1276 1038; x_wconf 77' lang='lat' dir='ltr'>addidit</span> <span class='ocrx_word' id='word_1_111' title='bbox 1290 1017 1299 1049; x_wconf 81' lang='lat'>3</span> 
     </span>
     <span class='ocr_line' id='line_1_15' title="bbox 154 1056 1356 1123; baseline -0.004 -19"><span class='ocrx_word' id='word_1_112' title='bbox 154 1056 702 1104; x_wconf 52' lang='lat' dir='ltr'>domucem</span> <span class='ocrx_word' id='word_1_113' title='bbox 746 1065 1131 1123; x_wconf 45' lang='lat' dir='ltr'>ffiinqll’sss‘qllssv-{fflffi</span> <span class='ocrx_word' id='word_1_114' title='bbox 1150 1066 1301 1102; x_wconf 81' lang='lat' dir='ltr'>vinctos</span> <span class='ocrx_word' id='word_1_115' title='bbox 1324 1083 1356 1099; x_wconf 78' lang='grc' dir='ltr'>ιο</span> 
     </span>
     <span class='ocr_line' id='line_1_16' title="bbox 113 1116 1297 1178; baseline -0.002 -10"><span class='ocrx_word' id='word_1_116' title='bbox 113 1131 161 1168; x_wconf 77' lang='lat' dir='ltr'>ad</span> <span class='ocrx_word' id='word_1_117' title='bbox 198 1144 238 1168; x_wconf 88' lang='lat' dir='ltr'>se</span> <span class='ocrx_word' id='word_1_118' title='bbox 274 1131 414 1167; x_wconf 87' lang='lat' dir='ltr'>adduci</span> <span class='ocrx_word' id='word_1_119' title='bbox 449 1130 569 1175; x_wconf 84' lang='lat' dir='ltr'>iubet,</span> <span class='ocrx_word' id='word_1_120' title='bbox 601 1129 743 1178; x_wconf 89' lang='lat' dir='ltr'>oppido</span> <span class='ocrx_word' id='word_1_121' title='bbox 780 1116 971 1166; x_wconf 58' lang='lat' dir='ltr'>{iffi-bione</span> <span class='ocrx_word' id='word_1_122' title='bbox 1006 1129 1147 1166; x_wconf 72' lang='lat' dir='ltr'>decedi.</span> <span class='ocrx_word' id='word_1_123' title='bbox 1205 1130 1297 1167; x_wconf 84' lang='lat' dir='ltr'>San-</span> 
     </span>
     <span class='ocr_line' id='line_1_17' title="bbox 111 1177 1302 1244; baseline 0 -12"><span class='ocrx_word' id='word_1_124' title='bbox 111 1177 660 1244; x_wconf 46' lang='grc' dir='ltr'>ζ«Ξιῖἰῃ-ἶέῗεἷ-ΆἘῗᾷὶ-ὅῖ·ι’ἷῖιίψ-ιιοιι</span> <span class='ocrx_word' id='word_1_125' title='bbox 687 1206 820 1244; x_wconf 78' lang='lat' dir='ltr'>egere5</span> <span class='ocrx_word' id='word_1_126' title='bbox 857 1195 972 1231; x_wconf 85' lang='lat' dir='ltr'>licere</span> <span class='ocrx_word' id='word_1_127' title='bbox 1000 1195 1117 1240; x_wconf 81' lang='lat' dir='ltr'>abire,</span> <span class='ocrx_word' id='word_1_128' title='bbox 1147 1195 1224 1239; x_wconf 87' lang='lat' dir='ltr'>sed,</span> <span class='ocrx_word' id='word_1_129' title='bbox 1257 1201 1302 1232; x_wconf 87' lang='lat' dir='ltr'>ut</span> 
     </span>
     <span class='ocr_line' id='line_1_18' title="bbox 111 1259 1300 1309; baseline -0.001 -13"><span class='ocrx_word' id='word_1_130' title='bbox 111 1259 353 1309; x_wconf 81' lang='lat' dir='ltr'>exprimatur</span> <span class='ocrx_word' id='word_1_131' title='bbox 389 1259 546 1295; x_wconf 84' lang='lat' dir='ltr'>tandem</span> <span class='ocrx_word' id='word_1_132' title='bbox 583 1259 782 1304; x_wconf 85' lang='lat' dir='ltr'>confessio,</span> <span class='ocrx_word' id='word_1_133' title='bbox 811 1259 1009 1295; x_wconf 78' lang='lat' dir='ltr'>subactam</span> <span class='ocrx_word' id='word_1_134' title='bbox 1034 1259 1300 1309; x_wconf 81' lang='lat' dir='ltr'>domitamque</span> 
     </span>
     <span class='ocr_line' id='line_1_19' title="bbox 111 1323 1350 1373; baseline 0.001 -13"><span class='ocrx_word' id='word_1_135' title='bbox 111 1336 191 1360; x_wconf 83' lang='lat' dir='ltr'>esse</span> <span class='ocrx_word' id='word_1_136' title='bbox 241 1329 408 1373; x_wconf 83' lang='lat' dir='ltr'>gentem,</span> <span class='ocrx_word' id='word_1_137' title='bbox 456 1323 529 1359; x_wconf 87' lang='lat' dir='ltr'>sub</span> <span class='ocrx_word' id='word_1_138' title='bbox 577 1323 711 1371; x_wconf 80' lang='lat' dir='ltr'>iugum</span> <span class='ocrx_word' id='word_1_139' title='bbox 757 1323 940 1361; x_wconf 78' lang='lat' dir='ltr'>abituros.</span> <span class='ocrx_word' id='word_1_140' title='bbox 999 1323 1139 1360; x_wconf 86' lang='lat' dir='ltr'>Tribus</span> <span class='ocrx_word' id='word_1_141' title='bbox 1179 1324 1301 1361; x_wconf 81' lang='lat' dir='ltr'>hastis</span> <span class='ocrx_word' id='word_1_142' title='bbox 1323 1341 1350 1356; x_wconf 77' lang='grc' dir='ltr'>ιι</span> 
     </span>
    </p>
   </div>
   <div class='ocr_carea' id='block_1_3' title="bbox 110 1386 1299 1436">
    <p class='ocr_par' dir='ltr' id='par_1_3' title="bbox 110 1386 1299 1436">
     <span class='ocr_line' id='line_1_20' title="bbox 110 1386 1299 1436; baseline 0.001 -13"><span class='ocrx_word' id='word_1_143' title='bbox 110 1387 242 1436; x_wconf 89' lang='lat' dir='ltr'>iugum</span> <span class='ocrx_word' id='word_1_144' title='bbox 290 1387 344 1430; x_wconf 59' lang='lat' dir='ltr'>fit„</span> <span class='ocrx_word' id='word_1_145' title='bbox 379 1386 488 1422; x_wconf 88' lang='lat' dir='ltr'>humi</span> <span class='ocrx_word' id='word_1_146' title='bbox 529 1386 617 1423; x_wconf 82' lang='lat' dir='ltr'>fixis</span> <span class='ocrx_word' id='word_1_147' title='bbox 655 1386 805 1423; x_wconf 87' lang='lat' dir='ltr'>duabus</span> <span class='ocrx_word' id='word_1_148' title='bbox 847 1399 1036 1436; x_wconf 87' lang='lat' dir='ltr'>superque</span> <span class='ocrx_word' id='word_1_149' title='bbox 1078 1400 1143 1424; x_wconf 85' lang='lat' dir='ltr'>eas</span> <span class='ocrx_word' id='word_1_150' title='bbox 1179 1391 1299 1425; x_wconf 77' lang='lat' dir='ltr'>trans-</span> 
     </span>
    </p>
   </div>
   <div class='ocr_carea' id='block_1_4' title="bbox 110 1439 332 1453">
    <p class='ocr_par' dir='ltr' id='par_1_4' title="bbox 110 1439 332 1453">
     <span class='ocr_line' id='line_1_21' title="bbox 110 1439 332 1453; baseline 0.014 -3"><span class='ocrx_word' id='word_1_151' title='bbox 110 1439 298 1451; x_wconf 51' lang='grc' dir='ltr'>Ἢν.</span> <span class='ocrx_word' id='word_1_152' title='bbox 302 1443 332 1453; x_wconf 62' lang='grc' dir='ltr'>,υ</span> 
     </span>
    </p>
   </div>
   <div class='ocr_carea' id='block_1_5' title="bbox 110 1445 1303 1505">
    <p class='ocr_par' dir='ltr' id='par_1_5' title="bbox 110 1445 1303 1505">
     <span class='ocr_line' id='line_1_22' title="bbox 110 1445 1303 1505; baseline 0.003 -18"><span class='ocrx_word' id='word_1_153' title='bbox 110 1463 221 1488; x_wconf 85' lang='lat' dir='ltr'>versa</span> <span class='ocrx_word' id='word_1_154' title='bbox 247 1445 530 1499; x_wconf 65' lang='lat' dir='ltr'>una&#39;deligata.</span> <span class='ocrx_word' id='word_1_155' title='bbox 594 1450 676 1487; x_wconf 84' lang='lat' dir='ltr'>Sub</span> <span class='ocrx_word' id='word_1_156' title='bbox 702 1451 775 1488; x_wconf 90' lang='lat' dir='ltr'>hoc</span> <span class='ocrx_word' id='word_1_157' title='bbox 801 1451 935 1501; x_wconf 89' lang='lat' dir='ltr'>iugum</span> <span class='ocrx_word' id='word_1_158' title='bbox 964 1452 1129 1490; x_wconf 81' lang='lat' dir='ltr'>dictator</span> <span class='ocrx_word' id='word_1_159' title='bbox 1150 1453 1303 1505; x_wconf 73' lang='lat' dir='ltr'>AEquos</span> 
     </span>
    </p>
   </div>
   <div class='ocr_carea' id='block_1_6' title="bbox 189 1579 1366 1629">
    <p class='ocr_par' dir='ltr' id='par_1_6' title="bbox 189 1579 1366 1629">
     <span class='ocr_line' id='line_1_23' title="bbox 189 1579 1366 1629; baseline 0.002 -12"><span class='ocrx_word' id='word_1_160' title='bbox 189 1580 336 1617; x_wconf 80' lang='lat' dir='ltr'>Castris</span> <span class='ocrx_word' id='word_1_161' title='bbox 374 1579 544 1616; x_wconf 90' lang='lat' dir='ltr'>hostium</span> <span class='ocrx_word' id='word_1_162' title='bbox 578 1580 741 1629; x_wconf 87' lang='lat' dir='ltr'>receptis</span> <span class='ocrx_word' id='word_1_163' title='bbox 785 1580 910 1629; x_wconf 90' lang='lat' dir='ltr'>plenis</span> <span class='ocrx_word' id='word_1_164' title='bbox 955 1581 1127 1617; x_wconf 85' lang='lat' dir='ltr'>omnium</span> <span class='ocrx_word' id='word_1_165' title='bbox 1169 1594 1297 1619; x_wconf 88' lang='lat' dir='ltr'>rerum</span> <span class='ocrx_word' id='word_1_166' title='bbox 1318 1587 1366 1623; x_wconf 86' lang='lat'>29</span> 
     </span>
    </p>
   </div>
   <div class='ocr_carea' id='block_1_7' title="bbox 111 1643 1298 1716">
    <p class='ocr_par' dir='ltr' id='par_1_7' title="bbox 111 1643 1298 1716">
     <span class='ocr_line' id='line_1_24' title="bbox 111 1643 1250 1715; baseline 0.006 -36"><span class='ocrx_word' id='word_1_167' title='bbox 111 1643 252 1694; x_wconf 81' lang='lat' dir='ltr'>(nudos</span> <span class='ocrx_word' id='word_1_168' title='bbox 295 1644 399 1680; x_wconf 90' lang='lat' dir='ltr'>enim</span> <span class='ocrx_word' id='word_1_169' title='bbox 449 1644 658 1694; x_wconf 82' lang='lat' dir='ltr'>emiserat),</span> <span class='ocrx_word' id='word_1_170' title='bbox 696 1645 865 1693; x_wconf 86' lang='lat' dir='ltr'>praedam</span> <span class='ocrx_word' id='word_1_171' title='bbox 906 1657 982 1681; x_wconf 90' lang='lat' dir='ltr'>om-</span> <span class='ocrx_word' id='word_1_172' title='bbox 1018 1689 1064 1713; x_wconf 58' lang='lat'>⁸111</span> <span class='ocrx_word' id='word_1_173' title='bbox 1111 1690 1116 1696; x_wconf 30' lang='lat'><strong><em>⁶</em></strong></span> <span class='ocrx_word' id='word_1_174' title='bbox 1168 1690 1174 1695; x_wconf 49' lang='lat'><em>,</em></span> <span class='ocrx_word' id='word_1_175' title='bbox 1220 1691 1250 1715; x_wconf 64' lang='lat' dir='ltr'>ed</span> 
     </span>
     <span class='ocr_line' id='line_1_25' title="bbox 1015 1697 1298 1716; baseline 0.014 -4"><span class='ocrx_word' id='word_1_176' title='bbox 1015 1701 1024 1712; x_wconf 67' lang='grc' dir='ltr'><strong>Λ</strong></span> <span class='ocrx_word' id='word_1_177' title='bbox 1065 1697 1151 1714; x_wconf 77' lang='lat' dir='ltr'>melus</span> <span class='ocrx_word' id='word_1_178' title='bbox 1167 1698 1188 1714; x_wconf 83' lang='lat' dir='ltr'>ls</span> <span class='ocrx_word' id='word_1_179' title='bbox 1205 1697 1218 1715; x_wconf 73' lang='grc' dir='ltr'>Γ</span> <span class='ocrx_word' id='word_1_180' title='bbox 1254 1698 1298 1716; x_wconf 74' lang='lat' dir='ltr'>UC‘</span> 
     </span>
    </p>
   </div>
   <div class='ocr_carea' id='block_1_8' title="bbox 110 1707 1296 1781">
    <p class='ocr_par' dir='ltr' id='par_1_8' title="bbox 110 1707 1296 1781">
     <span class='ocr_line' id='line_1_26' title="bbox 110 1707 1296 1779; baseline 0.001 -35"><span class='ocrx_word' id='word_1_181' title='bbox 110 1721 197 1745; x_wconf 88' lang='lat' dir='ltr'>nem</span> <span class='ocrx_word' id='word_1_182' title='bbox 226 1720 296 1744; x_wconf 92' lang='lat' dir='ltr'>suo</span> <span class='ocrx_word' id='word_1_183' title='bbox 319 1712 473 1744; x_wconf 87' lang='lat' dir='ltr'>tantum</span> <span class='ocrx_word' id='word_1_184' title='bbox 502 1707 621 1743; x_wconf 87' lang='lat' dir='ltr'>militi</span> <span class='ocrx_word' id='word_1_185' title='bbox 649 1707 756 1744; x_wconf 87' lang='lat' dir='ltr'>dedit</span> <span class='ocrx_word' id='word_1_186' title='bbox 769 1721 780 1755; x_wconf 79' lang='lat'><em>3</em></span> <span class='ocrx_word' id='word_1_187' title='bbox 807 1708 980 1744; x_wconf 79' lang='lat' dir='ltr'>consula-</span> <span class='ocrx_word' id='word_1_188' title='bbox 1014 1720 1047 1774; x_wconf 39' lang='lat'>321</span> <span class='ocrx_word' id='word_1_189' title='bbox 1066 1722 1094 1775; x_wconf 52' lang='lat'>{2⁰</span> <span class='ocrx_word' id='word_1_190' title='bbox 1111 1721 1296 1779; x_wconf 49' lang='lat' dir='ltr'>Qenffifflgffiss</span> 
     </span>
     <span class='ocr_line' id='line_1_27' title="bbox 1131 1762 1222 1781; baseline -0.011 0"><span class='ocrx_word' id='word_1_191' title='bbox 1131 1762 1157 1781; x_wconf 56' lang='grc' dir='ltr'>,ί</span> <span class='ocrx_word' id='word_1_192' title='bbox 1216 1771 1222 1780; x_wconf 64' lang='grc' dir='ltr'><strong><em>ν</em></strong></span> 
     </span>
    </p>
   </div>
   <div class='ocr_carea' id='block_1_9' title="bbox 111 1771 1297 1838">
    <p class='ocr_par' dir='ltr' id='par_1_9' title="bbox 111 1771 1297 1838">
     <span class='ocr_line' id='line_1_28' title="bbox 111 1771 1297 1838; baseline -0.003 -30"><span class='ocrx_word' id='word_1_193' title='bbox 111 1784 190 1808; x_wconf 85' lang='lat' dir='ltr'>rem</span> <span class='ocrx_word' id='word_1_194' title='bbox 218 1772 432 1808; x_wconf 83' lang='lat' dir='ltr'>exercitum</span> <span class='ocrx_word' id='word_1_195' title='bbox 460 1771 663 1821; x_wconf 88' lang='lat' dir='ltr'>ipsumque</span> <span class='ocrx_word' id='word_1_196' title='bbox 691 1772 885 1809; x_wconf 83' lang='lat' dir='ltr'>consulem</span> <span class='ocrx_word' id='word_1_197' title='bbox 924 1772 976 1808; x_wconf 89' lang='lat' dir='ltr'>in·</span> <span class='ocrx_word' id='word_1_198' title='bbox 1010 1780 1297 1838; x_wconf 51' lang='lat' dir='ltr'>gisthffiia‘lgffiilffl</span> 
     </span>
    </p>
   </div>
   <div class='ocr_carea' id='block_1_10' title="bbox 109 1833 1327 1899">
    <p class='ocr_par' dir='ltr' id='par_1_10' title="bbox 109 1833 1327 1899">
     <span class='ocr_line' id='line_1_29' title="bbox 109 1833 1327 1899; baseline -0.002 -30"><span class='ocrx_word' id='word_1_199' title='bbox 109 1845 268 1882; x_wconf 83' lang='lat' dir='ltr'>crepans</span> <span class='ocrx_word' id='word_1_200' title='bbox 288 1837 310 1852; x_wconf 92' lang='lat'>“</span> <span class='ocrx_word' id='word_1_201' title='bbox 323 1833 478 1870; x_wconf 86' lang='lat' dir='ltr'>Carebis</span> <span class='ocrx_word' id='word_1_202' title='bbox 491 1833 509 1848; x_wconf 87' lang='lat'>’&#39;</span> <span class='ocrx_word' id='word_1_203' title='bbox 529 1833 658 1882; x_wconf 90' lang='lat' dir='ltr'>inquit</span> <span class='ocrx_word' id='word_1_204' title='bbox 671 1836 692 1854; x_wconf 93' lang='lat'><strong>“</strong></span> <span class='ocrx_word' id='word_1_205' title='bbox 704 1834 842 1882; x_wconf 84' lang='lat' dir='ltr'>praedae</span> <span class='ocrx_word' id='word_1_206' title='bbox 858 1837 976 1882; x_wconf 79' lang='lat' dir='ltr'>parte,</span> <span class='ocrx_word' id='word_1_207' title='bbox 1011 1842 1120 1898; x_wconf 45' lang='lat' dir='ltr'>{gaurus</span> <span class='ocrx_word' id='word_1_208' title='bbox 1146 1844 1296 1899; x_wconf 49' lang='grc' dir='ltr'>ιιέιιῑὶιζοὲξὲἒ</span> <span class='ocrx_word' id='word_1_209' title='bbox 1324 1859 1327 1862; x_wconf 92' lang='grc'>-</span> 
     </span>
    </p>
   </div>
   <div class='ocr_carea' id='block_1_11' title="bbox 109 1894 1297 2204">
    <p class='ocr_par' dir='ltr' id='par_1_11' title="bbox 109 1894 1297 2006">
     <span class='ocr_line' id='line_1_30' title="bbox 109 1894 1297 1965; baseline -0.002 -35"><span class='ocrx_word' id='word_1_210' title='bbox 109 1894 231 1941; x_wconf 86' lang='lat' dir='ltr'>miles,</span> <span class='ocrx_word' id='word_1_211' title='bbox 271 1906 320 1930; x_wconf 83' lang='lat' dir='ltr'>ex</span> <span class='ocrx_word' id='word_1_212' title='bbox 356 1906 400 1930; x_wconf 90' lang='lat' dir='ltr'>eo</span> <span class='ocrx_word' id='word_1_213' title='bbox 436 1894 556 1940; x_wconf 87' lang='lat' dir='ltr'>hoste,</span> <span class='ocrx_word' id='word_1_214' title='bbox 595 1895 658 1931; x_wconf 88' lang='lat' dir='ltr'>cui</span> <span class='ocrx_word' id='word_1_215' title='bbox 693 1907 810 1944; x_wconf 87' lang='lat' dir='ltr'>prope</span> <span class='ocrx_word' id='word_1_216' title='bbox 845 1895 980 1944; x_wconf 84' lang='lat' dir='ltr'>praedae</span> <span class='ocrx_word' id='word_1_217' title='bbox 1012 1903 1240 1965; x_wconf 48' lang='lat' dir='ltr'>ffigmffillebratoe</span> <span class='ocrx_word' id='word_1_218' title='bbox 1278 1911 1297 1929; x_wconf 72' lang='grc' dir='ltr'>ι</span> 
     </span>
     <span class='ocr_line' id='line_1_31' title="bbox 110 1952 1141 2006; baseline 0 -11"><span class='ocrx_word' id='word_1_219' title='bbox 110 1959 228 1996; x_wconf 77' lang='lat' dir='ltr'>fuisti.</span> <span class='ocrx_word' id='word_1_220' title='bbox 287 1959 340 1995; x_wconf 90' lang='lat' dir='ltr'>Et</span> <span class='ocrx_word' id='word_1_221' title='bbox 367 1963 422 2004; x_wconf 87' lang='lat' dir='ltr'>tu,</span> <span class='ocrx_word' id='word_1_222' title='bbox 444 1959 487 1996; x_wconf 90' lang='lat' dir='ltr'>L.</span> <span class='ocrx_word' id='word_1_223' title='bbox 510 1959 674 2006; x_wconf 86' lang='lat' dir='ltr'>Minuci,</span> <span class='ocrx_word' id='word_1_224' title='bbox 696 1959 816 1996; x_wconf 83' lang='lat' dir='ltr'>donec</span> <span class='ocrx_word' id='word_1_225' title='bbox 843 1972 975 1996; x_wconf 82' lang='lat' dir='ltr'>consu-</span> <span class='ocrx_word' id='word_1_226' title='bbox 1134 1952 1141 1958; x_wconf 74' lang='grc'><strong>”</strong></span> 
     </span>
    </p>

    <p class='ocr_par' dir='ltr' id='par_1_12' title="bbox 109 2024 1296 2204">
     <span class='ocr_line' id='line_1_32' title="bbox 109 2024 1296 2075; baseline 0.003 -15"><span class='ocrx_word' id='word_1_227' title='bbox 109 2024 230 2061; x_wconf 81' lang='lat' dir='ltr'>larem</span> <span class='ocrx_word' id='word_1_228' title='bbox 257 2024 429 2061; x_wconf 82' lang='lat' dir='ltr'>animum</span> <span class='ocrx_word' id='word_1_229' title='bbox 462 2025 623 2074; x_wconf 83' lang='lat' dir='ltr'>incipias</span> <span class='ocrx_word' id='word_1_230' title='bbox 647 2025 798 2071; x_wconf 85' lang='lat' dir='ltr'>habere,</span> <span class='ocrx_word' id='word_1_231' title='bbox 820 2025 969 2074; x_wconf 85' lang='lat' dir='ltr'>legatus</span> <span class='ocrx_word' id='word_1_232' title='bbox 994 2025 1054 2061; x_wconf 81' lang='lat' dir='ltr'>his</span> <span class='ocrx_word' id='word_1_233' title='bbox 1080 2025 1296 2075; x_wconf 80' lang='lat' dir='ltr'>legionibus</span> 
     </span>
     <span class='ocr_line' id='line_1_33' title="bbox 109 2087 1294 2138; baseline 0.003 -14"><span class='ocrx_word' id='word_1_234' title='bbox 109 2087 297 2138; x_wconf 85' lang='lat' dir='ltr'>praeeris.&#39;’</span> <span class='ocrx_word' id='word_1_235' title='bbox 351 2088 418 2125; x_wconf 75' lang='lat' dir='ltr'>Ita</span> <span class='ocrx_word' id='word_1_236' title='bbox 444 2101 484 2125; x_wconf 89' lang='lat' dir='ltr'>se</span> <span class='ocrx_word' id='word_1_237' title='bbox 514 2089 713 2125; x_wconf 82' lang='lat' dir='ltr'>Minucius</span> <span class='ocrx_word' id='word_1_238' title='bbox 740 2089 895 2126; x_wconf 83' lang='lat' dir='ltr'>abdicat</span> <span class='ocrx_word' id='word_1_239' title='bbox 921 2090 1122 2126; x_wconf 81' lang='lat' dir='ltr'>consulatu</span> <span class='ocrx_word' id='word_1_240' title='bbox 1154 2091 1294 2127; x_wconf 86' lang='lat' dir='ltr'>iussus-</span> 
     </span>
     <span class='ocr_line' id='line_1_34' title="bbox 110 2151 1293 2204; baseline 0.003 -16"><span class='ocrx_word' id='word_1_241' title='bbox 110 2165 185 2202; x_wconf 87' lang='lat' dir='ltr'>que</span> <span class='ocrx_word' id='word_1_242' title='bbox 220 2151 270 2188; x_wconf 81' lang='lat' dir='ltr'>ad</span> <span class='ocrx_word' id='word_1_243' title='bbox 306 2153 522 2189; x_wconf 84' lang='lat' dir='ltr'>exercitum</span> <span class='ocrx_word' id='word_1_244' title='bbox 559 2159 700 2190; x_wconf 79' lang='lat' dir='ltr'>manet.</span> <span class='ocrx_word' id='word_1_245' title='bbox 761 2154 837 2190; x_wconf 78' lang='lat' dir='ltr'>Sed</span> <span class='ocrx_word' id='word_1_246' title='bbox 873 2153 969 2190; x_wconf 84' lang='lat' dir='ltr'>adeo</span> <span class='ocrx_word' id='word_1_247' title='bbox 1006 2158 1092 2190; x_wconf 84' lang='lat' dir='ltr'>tum</span> <span class='ocrx_word' id='word_1_248' title='bbox 1131 2155 1293 2204; x_wconf 85' lang='lat' dir='ltr'>imperio</span> 
     </span>
    </p>
   </div>
   <div class='ocr_carea' id='block_1_12' title="bbox 110 2217 1291 2264">
    <p class='ocr_par' dir='ltr' id='par_1_13' title="bbox 110 2217 1291 2264">
     <span class='ocr_line' id='line_1_35' title="bbox 110 2217 1291 2264; baseline 0.003 -12"><span class='ocrx_word' id='word_1_249' title='bbox 110 2217 260 2253; x_wconf 79' lang='lat' dir='ltr'>meliori</span> <span class='ocrx_word' id='word_1_250' title='bbox 295 2217 449 2253; x_wconf 81' lang='lat' dir='ltr'>animus</span> <span class='ocrx_word' id='word_1_251' title='bbox 478 2223 677 2254; x_wconf 81' lang='lat' dir='ltr'>mansuete</span> <span class='ocrx_word' id='word_1_252' title='bbox 705 2218 887 2255; x_wconf 82' lang='lat' dir='ltr'>obediens</span> <span class='ocrx_word' id='word_1_253' title='bbox 915 2223 1010 2264; x_wconf 84' lang='lat' dir='ltr'>crat,</span> <span class='ocrx_word' id='word_1_254' title='bbox 1040 2224 1085 2255; x_wconf 81' lang='lat' dir='ltr'>ut</span> <span class='ocrx_word' id='word_1_255' title='bbox 1115 2219 1291 2256; x_wconf 88' lang='lat' dir='ltr'>beneficii</span> 
     </span>
    </p>
   </div>
   <div class='ocr_carea' id='block_1_13' title="bbox 1101 979 1229 988">
    <p class='ocr_par' dir='ltr' id='par_1_14' title="bbox 1101 979 1229 988">
     <span class='ocr_line' id='line_1_36' title="bbox 1101 979 1229 988; baseline 0 1478"><span class='ocrx_word' id='word_1_256' title='bbox 1101 979 1229 988; x_wconf 95' lang='lat' dir='ltr'> </span> 
     </span>
    </p>
   </div>
  </div>
 </body>
</html>
