1438 2466
93 1480 123 1495 10

94 1675 120 1691 11

93 1872 121 1888 12

93 2062 123 2085 ¹3

136 137 184 175 94
653 137 801 174 LIVII
952 135 1081 188 [A.U.c.
1108 149 1312 185 292—293

137 236 282 272 Bovem
310 236 490 284 locutam,
511 238 573 273 cui
598 238 655 274 rei
679 239 805 287 priore
824 252 925 274 anno
956 238 1047 274 fides
1067 250 1145 273 non
1173 237 1312 282 fuerat,

135 300 335 338 creditum.
394 301 504 338 Inter
534 302 610 338 alia
640 302 815 352 prodigia
845 307 884 339 et
917 315 1030 339 carne
1058 301 1170 351 pluit,
1200 314 1310 351 quem

136 366 299 403 imbrem
318 367 454 415 ingens
473 380 657 403 numerus
669 367 800 403 avium
820 366 1123 404 intervolitando
1142 366 1315 415 rapuisse

136 429 261 466 fertur
274 443 284 476 3
314 429 416 478 quod
444 430 653 475 intercidit,
683 443 854 479 sparsum
884 431 941 467 ita
968 431 1130 467 iacuisse
1158 443 1226 479 per
1250 430 1316 466 ali-

138 497 233 542 quot
252 493 343 539 dies,
358 497 403 529 ut
422 493 522 529 nihil
541 493 635 530 odor
654 498 833 531 mutaret.
876 494 986 530 Libri
1005 507 1073 543 per
1092 493 1316 529 duumviros

138 567 330 591 sacrorum
369 555 490 603 aditi3
528 557 700 605 pericula
733 570 756 593 a
788 561 982 594 conventu
1014 557 1317 606 alienigenarum

137 619 330 668 praedicta,
353 633 401 657 ne
427 620 495 670 qui
522 621 564 657 in
592 621 675 658 loca
699 634 850 658 summa
869 622 976 658 urbis
996 622 1164 670 impetus
1184 621 1318 657 caedes-

138 698 212 734 que
230 684 322 720 inde
340 684 478 720 fierent
494 699 504 731 3
522 684 626 721 inter
644 689 771 722 cetera
789 686 993 732 monitum,
1007 690 1052 722 ut
1063 685 1318 722 seditionibus

138 749 408 786 abstineretur.
466 749 514 785 Id
543 750 687 786 factum
717 750 765 787 ad
793 750 1078 799 impediendam
1107 750 1229 798 legem
1252 749 1317 785 tri-

138 814 234 850 buni
253 813 571 860 criminabantur,
587 815 799 864 ingensque
815 815 948 851 aderat
964 819 1167 852 certamen.
1208 814 1315 860 Ecce,

454 884 499 916 ut
536 880 638 916 idem
667 880 710 915 in
746 879 918 929 singulos
951 892 1071 916 annos
1104 879 1205 915 orbis
1241 878 1318 915 vol-

139 931 219 955 News
229 930 258 954 of
270 929 425 954 renewalof
775 943 782 950 .
811 944 818 950 .
965 944 971 950 .

139 968 193 985 wa„
230 961 264 990 by
296 961 423 984 volsci?
457 948 623 990 veretur,
657 943 822 980 Hernici
858 947 1055 989 nuntiant,
1086 942 1248 979 Volscos
1280 947 1319 979 et

139 992 255 1016 Treated
270 991 305 1021 by
322 991 367 1015 the
379 991 424 1014 tri·
722 1007 729 1014 .
838 1007 845 1014 .
1057 1008 1064 1014 .

139 1022 384 1046 bunesasafable
396 1021 424 1045 or
457 1007 620 1056 AEquos,
659 1012 732 1043 etffl
769 1020 900 1043 aceisae
936 1020 997 1044 res
1035 1012 1125 1054 smt,
1164 1008 1319 1044 reficere

139 1054 186 1077 the
217 1053 361 1089 patrieians
393 1054 422 1075 to

138 1083 369 1144 {ffiegmzefipgge
378 1083 423 1137 3¹58
457 1072 649 1109 exercitus
662 1087 673 1120 3
701 1072 817 1108 Antii
840 1085 1029 1109 summam
1053 1072 1109 1109 rei
1129 1073 1292 1121 positam
1309 1086 1318 1118 5

140 1144 425 1206 ffss'ffgstg'sshgissffiffi}
456 1138 604 1175 Ecetrae
633 1138 817 1175 Antiates
840 1139 993 1175 colonos
1013 1138 1139 1187 palam
1159 1138 1320 1174 concilia

139 1206 253 1261 {252⁹ng
265 1206 422 1230 osthelaw.
454 1203 579 1239 facere
593 1216 602 1249 3
641 1203 680 1239 id
710 1207 837 1252 caput,
867 1216 929 1240 eas
960 1203 1062 1240 vires
1098 1203 1190 1239 belli
1228 1216 1316 1239 esse.

455 1268 515 1305 Ut
542 1267 622 1304 haec
651 1267 755 1303 dicta
783 1267 825 1303 in
855 1273 992 1304 senatu
1023 1275 1125 1314 sunt,
1158 1267 1321 1303 dilectus

140 1332 329 1378 edicitur3
376 1333 551 1369 consules
596 1333 689 1369 belli
728 1332 1103 1370 administrationem
1142 1332 1245 1369 inter
1281 1345 1321 1369 se

140 1397 336 1446 dispertiri
379 1397 484 1443 iussi,
522 1396 636 1433 alteri
684 1400 727 1432 ut
770 1396 915 1442 Volsci,
955 1396 1068 1433 alteri
1115 1400 1159 1432 ut
1198 1395 1320 1445 AEqui

140 1461 339 1510 provincia
375 1466 484 1498 esset.
542 1461 705 1497 Tribuni
743 1473 871 1497 coram
909 1461 950 1497 in
983 1461 1067 1497 foro
1102 1473 1317 1509 personare,

140 1527 310 1563 fabulam
330 1526 578 1575 compositam
606 1525 742 1563 Volsci
771 1525 873 1572 belli,
896 1525 1089 1562 Hernicos
1117 1526 1164 1561 ad
1193 1529 1322 1573 partes

139 1597 304 1644 paratos.
362 1592 447 1628 Iam
484 1604 533 1628 ne
562 1592 710 1628 virtute
747 1591 901 1640 quidem
941 1590 1064 1639 premi
1101 1590 1321 1627 libertatem

140 1657 274 1709 populi
293 1656 472 1702 Romani,
494 1655 561 1692 sed
587 1660 670 1692 arte
694 1655 810 1692 eludi.
868 1654 970 1699 Quia
990 1654 1185 1691 occidione
1205 1668 1322 1705 prope

141 1722 283 1760 occisos
321 1720 487 1757 Volscos
519 1724 557 1757 et
587 1719 738 1769 AEquos
766 1731 919 1755 movere
949 1731 1018 1754 sua
1050 1724 1186 1767 sponte
1216 1732 1323 1755 arma

140 1798 249 1836 posse
267 1785 344 1821 iam
365 1784 459 1820 fides
487 1783 637 1828 abierit,
659 1796 780 1820 novos
806 1782 935 1819 hostes
959 1782 1080 1831 quaeri
1095 1796 1106 1829 3
1134 1782 1322 1819 coloniam

141 1851 267 1897 fidam,
302 1849 556 1899 propinquam
592 1847 776 1885 infamem
814 1847 908 1884 fieri.
967 1847 1121 1884 Bellum
1152 1847 1323 1884 innoxiis

143 1915 374 1953 Antiatibus
396 1913 526 1959 indici,
546 1912 627 1961 geri
654 1925 742 1949 cum
763 1911 872 1960 plebe
893 1911 1080 1958 Romana,
1102 1924 1218 1961 quam
1237 1924 1322 1948 one-

140 1985 266 2018 ratam
294 1978 411 2016 armis
438 1991 488 2015 ex
513 1977 607 2014 urbe
633 1976 823 2026 praecipiti
851 1977 1002 2026 agmine
1030 1976 1156 2013 acturi
1182 1981 1319 2021 essent,

141 2044 277 2081 exsilio
296 2046 336 2079 et
355 2041 587 2091 relegatione
607 2040 750 2077 civium
771 2039 997 2076 ulciscentes
1010 2040 1196 2077 tribunos.
1246 2039 1319 2085 Sic,

141 2123 189 2146 ne
218 2108 311 2159 quid
333 2107 441 2144 aliud
469 2111 598 2143 actum
627 2110 778 2155 putent,
801 2105 943 2141 victam
973 2105 1093 2153 legem
1123 2117 1213 2150 csse,
1234 2105 1319 2149 nisi,

142 2175 232 2212 dum
264 2175 304 2210 in
333 2173 484 2222 integro
511 2185 572 2208 ros
600 2171 661 2215 sit,
692 2170 784 2206 dum
814 2169 928 2214 (lomi,
959 2169 1050 2205 dum
1081 2169 1202 2218 togati
1230 2169 1320 2216 sint,

142 2242 314 2283 caveant,
353 2250 400 2274 ne
447 2234 682 2285 possessione
720 2233 826 2270 urbis
865 2233 1068 2281 pellantur,
1103 2245 1152 2268 ne
1189 2231 1320 2280 iugum
