1438 2466
122 161 145 196 6
640 160 698 195 Μ
712 161 784 196 Vll
1071 159 1199 211 [A.U.c.
1227 172 1298 209 245

121 257 280 303 petuum
302 268 388 291 cum
409 255 456 290 iis
475 255 578 303 pacis
603 255 808 293 amitteret.
867 255 973 303 Ager
991 255 1301 304 Tarquinifflnun,

121 318 189 366 qui
212 318 758 364 igiter‚Qffioe'Piberim
787 320 874 367 fuit,
905 325 1151 357 consecratus
1180 320 1303 371 Qi

88 396 103 420 3
122 380 292 417 Martius
311 381 727 430 (leinde‚campus-fia.i.t
760 383 877 420 Forte
896 384 952 420 ibi
971 389 1054 420 tum
1069 395 1174 432 seges
1189 384 1303 420 farris

121 445 266 481 dicitur
297 445 415 482 fuisse
447 451 600 483 matura
633 448 756 485 messi.
814 448 938 492 Quem
970 449 1094 497 campi
1131 448 1301 484 fructum

122 509 214 557 quia
243 509 465 558 religiosum
495 515 580 547 erat
609 525 846 558 consumere,
871 513 1061 549 desectam
1092 526 1178 548 cum
1209 523 1304 549 stra-

124 578 253 609 mento
286 578 452 622 segetem
491 587 630 623 magna
662 576 721 611 vis
754 576 953 612 hominum
986 577 1100 613 simul
1134 577 1304 613 immissa

124 636 300 673 corbibus
330 637 462 674 fudere
492 638 533 674 in
563 639 732 675 Tiberim
763 640 872 676 tenui
902 640 1085 677 fluentem
1116 653 1228 689 aqua,
1260 645 1304 676 ut

124 701 260 738 mediis
288 703 479 739 caloribus
507 704 614 742 solet.
673 705 736 740 Ita
765 705 807 740 in
836 705 946 741 vadis
976 705 1197 742 haesitantes
1227 705 1304 741 fru-

90 785 105 808 4
124 767 247 803 menti
265 780 420 804 acervos
439 768 581 804 sedisse
600 768 720 805 illitos
739 769 831 805 limo
841 783 851 816 3
879 770 1043 806 insulam
1064 770 1153 806 inde
1173 770 1302 819 paula-

123 831 209 877 tim,
229 836 268 868 et
287 833 386 878 aliis,
407 846 491 882 quae
512 834 589 870 fert
617 838 760 871 temere
789 835 943 880 flumen,
965 835 1095 872 eodem
1124 835 1301 882 invectis,

124 895 264 932 factam
274 909 286 943 3
310 901 443 945 postea
461 898 573 933 eredo
593 897 745 933 additas
765 898 882 933 moles
902 911 1094 947 manuque
1114 898 1302 943 adiutum,

125 964 170 996 ut
193 965 275 997 tam
301 961 474 998 eminens
501 976 589 998 area
614 963 799 1011 firmaque
819 963 972 1011 templis
991 975 1142 1012 quoque
1161 976 1203 998 ac
1222 975 1304 1011 por-

91 1043 106 1066 5
124 1024 266 1061 ticibus
278 1025 514 1062 sustinendis
526 1030 632 1062 esset.
666 1025 839 1074 Dircptis
852 1027 961 1062 bonis
974 1039 1116 1074 regum,
1132 1027 1303 1062 damnati

125 1090 339 1139 proditores
376 1095 650 1139 sumptumque
686 1090 928 1139 supplicium,
967 1090 1206 1139 conspectius
1247 1104 1303 1136 ee,

125 1154 229 1204 quod.
248 1167 368 1204 poenae
387 1155 579 1203 capiendae
599 1154 858 1191 ministerium
879 1156 979 1204 patri
1000 1156 1046 1192 de
1066 1155 1198 1192 liberis
1216 1169 1302 1192 con-

126 1218 276 1255 sulatus
307 1218 501 1267 imposuit,
537 1223 586 1265 et,
620 1219 689 1268 qui
719 1223 911 1268 spectator
943 1224 1026 1255 erat
1057 1219 1304 1264 amovendus,

92 1293 109 1318 6
126 1295 215 1319 eum
234 1283 360 1332 ipsum
381 1283 540 1320 fortuna
559 1288 715 1321 exaetm
717 1297 777 1321 em
797 1284 975 1333 supplicii
994 1284 1110 1321 dedit.
1141 1284 1307 1320 Stabant

127 1347 285 1397 deliga-ti
314 1348 363 1384 ad
391 1349 521 1397 palum
550 1349 779 1403 nobilissimi
808 1349 983 1404 iuvenes5
1011 1348 1076 1384 sed
1104 1361 1127 1385 a
1159 1349 1304 1393 ceteris,

127 1412 237 1448 velut
255 1412 303 1448 ab
331 1413 474 1461 ignotis
503 1404 705 1461 capitibus,
715 1401 894 1449 consulis
922 1397 1033 1448 liberi
1062 1412 1235 1448 onmium
1264 1413 1305 1448 in

128 1490 167 1513 se
197 1481 420 1514 averterant
449 1477 590 1523 oculos,
617 1477 900 1526 miserebatque
929 1490 1007 1513 non
1036 1489 1155 1526 poenae
1186 1477 1307 1526 magis

95 1558 110 1582 7
129 1541 303 1578 homines
322 1554 437 1590 quam
458 1541 620 1586 sceleris,
642 1554 718 1590 quo
738 1553 886 1589 poenam
908 1541 1038 1577 meriti
1058 1545 1201 1578 esseut:
1222 1541 1308 1577 illos

129 1619 172 1641 eo
192 1605 435 1654 potissimum
455 1618 555 1641 anno
574 1605 738 1654 patriam
766 1605 979 1651 liberatam,
1000 1609 1148 1653 patrem
1176 1605 1307 1641 libera-

129 1674 262 1716 torem,
284 1668 524 1705 eonsulatum
551 1674 680 1705 ortum
709 1682 757 1705 ex
786 1669 898 1705 domo
926 1669 1052 1713 Iunia,
1074 1674 1213 1718 patres,
1235 1669 1309 1718 ple-

130 1735 227 1781 bem,
247 1734 430 1783 quiequid
451 1733 607 1770 deorum
625 1733 901 1783 hominumque
918 1734 1180 1771 Romanorum
1197 1739 1307 1781 esset,

130 1799 330 1835 induxisse
358 1799 399 1835 in
427 1798 612 1845 animum,
633 1803 679 1834 ut
707 1798 871 1847 superbo
899 1798 1091 1846 quondam
1112 1799 1202 1847 regi,
1224 1804 1307 1835 tum

96 1876 112 1901 8
130 1863 271 1900 infesto
300 1862 424 1900 exsuli
453 1863 668 1911 proderent.
729 1862 914 1899 Consules
942 1862 982 1898 in
1011 1862 1137 1898 sedem
1168 1876 1309 1911 proces-

130 1941 212 1964 sere
230 1939 352 1970 suam,
373 1925 553 1975 missique
573 1926 724 1963 lictores
743 1925 792 1962 ad
817 1926 1045 1963 sumendum
1065 1926 1306 1975 supplicium.

132 1991 312 2028 Nudatos
339 1990 459 2039 virgis
487 1989 639 2026 caedunt
665 1989 864 2038 securique
893 1990 1048 2036 feriunt,
1070 2003 1190 2039 quum
1208 1990 1311 2027 iuter

132 2068 243 2091 omne
277 2059 429 2102 tempus
461 2058 572 2102 pater
604 2053 813 2101 vultusque
844 2058 884 2088 ct
910 2066 952 2089 os
982 2052 1065 2089 eius
1095 2052 1310 2101 spectaculo

132 2125 239 2165 esset,
279 2119 472 2156 eminente
508 2119 637 2167 animo
675 2119 799 2167 patrio
844 2118 946 2154 inter
992 2118 1154 2167 publicae
1190 2131 1310 2167 poenae

98 2183 401 2227 9ministerium.
461 2182 679 2219 Secundum
728 2195 878 2231 poenam
916 2183 1149 2228 nocentium,
1189 2188 1234 2219 ut
1270 2182 1310 2218 in

134 2252 336 2295 utramque
358 2250 504 2295 partem
527 2246 699 2283 arcendis
719 2246 925 2283 sceleribus
945 2246 1162 2295 exemplum
1183 2246 1312 2283 nobile
