1438 2466
167 152 210 187 12
680 151 824 186 LJVJI
1107 149 1239 200 [A.U.c.
1264 153 1337 197 246

160 247 238 293 bat,
258 247 300 282 in
319 247 516 295 publicum
536 259 649 282 omne
673 249 880 294 sumptum,
903 245 1127 294 ademptum
1152 244 1313 294 privatis
1328 259 1338 292 ;

160 311 416 360 portoriisque
442 315 481 347 et
504 311 652 346 tributo
677 311 806 359 plebes
831 310 1004 356 liberata,
1027 314 1071 346 ut
1094 310 1236 346 divites
1255 323 1338 346 con-

158 375 314 420 ferrent,
344 374 411 423 qui
441 374 547 410 oneri
575 373 733 411 ferendo
761 378 910 410 essent:
939 386 1126 422 pauperes
1153 374 1248 409 satis
1273 372 1339 409 sti-

127 454 140 476 7
158 438 291 486 pendii
333 438 509 487 pendere,
546 438 578 473 si
616 437 755 473 liberos
793 437 1008 474 educerent.
1084 437 1224 485 Itaque
1260 436 1339 472 haec

158 501 401 549 indulgentia
432 506 589 549 patrum
619 500 764 549 asperis
796 500 1039 549 postmodum
1068 500 1181 536 rebus
1208 499 1250 536 in
1277 498 1340 536 ob-

157 565 306 601 sidione
333 578 376 601 ac
404 565 504 601 fame
531 565 626 601 adeo
655 565 879 601 concordem
907 565 1105 602 civitatem
1134 566 1274 612 tenuit,
1295 571 1340 602 ut

162 629 309 677 regium
336 641 476 665 nomen
500 641 579 664 non
604 629 745 665 summi
770 629 890 677 magis
916 642 1032 678 quam
1057 629 1181 665 infimi
1213 629 1338 666 horrc-

124 709 138 732 3
158 698 256 738 rent,
294 705 364 729 nec
396 693 600 742 quisquam
634 706 735 729 unus
769 693 880 729 malis
910 693 1059 730 artibus
1095 697 1227 742 postea
1260 700 1339 729 tam

156 757 353 806 popularis
378 762 489 804 esset,
517 771 632 806 quain
658 763 740 793 tuin
766 758 862 793 bene
888 758 1112 807 imperando
1138 758 1340 794 universus

157 826 314 857 senatus
333 822 416 858 fuit.

90 891 138 929 10
238 886 367 931 Quum
388 886 514 923 hostes
533 886 724 932 adessent,
745 899 815 935 pro
835 900 874 923 se
893 887 1056 936 quisque
1074 888 1115 923 in
1137 888 1269 923 urbem
1291 900 1336 923 ex

156 953 257 1001 agris
294 952 536 1000 demigrant3
594 952 729 987 urbem
776 951 898 1000 ipsam
935 951 1101 1000 saepiunt
1139 951 1336 999 praesidiis.

124 1030 136 1045 2
158 1016 250 1052 Alia
274 1016 406 1061 muris,
429 1016 505 1052 alia
529 1016 659 1051 Τ11)011
683 1016 831 1051 obiecto
851 1015 1084 1051 videbantm
1104 1021 1216 1062 tut23L
1243 1028 1344 1070 pons

156 1080 342 1117 sublicius
365 1080 582 1135 itegffine
598 1080 772 1116 hostibus
791 1080 908 1127 dedit,
931 1080 972 1115 ni
992 1093 1094 1116 unus
1113 1080 1173 1116 vii
1192 1081 1338 1127 fuisset,

732 1126 755 1133 ι.
765 1110 910 1136 *Q*
922 1131 938 1137 .-

158 1145 348 1182 Horatius
386 1146 540 1192 Cocles3
586 1146 624 1181 id
662 1145 946 1181 munimentum
984 1145 1050 1181 illo
1087 1145 1149 1181 die
1187 1145 1341 1181 fortuna

123 1225 138 1248 3
157 1210 262 1246 urbis
293 1211 477 1247 Romanae
503 1209 650 1246 habuit.
709 1209 786 1253 Qui
811 1209 958 1257 positus
982 1209 1081 1245 forte
1106 1208 1147 1244 in
1175 1209 1341 1245 statione

155 1275 294 1324 pontis,
336 1288 455 1324 quum
494 1279 650 1324 captum
688 1275 890 1323 repentino
928 1274 1076 1323 impetu
1121 1274 1340 1310 Ianiculum

155 1344 271 1388 atque
296 1339 386 1375 inde
411 1340 549 1375 citatos
574 1339 774 1374 decurrere
799 1338 928 1373 hostes
948 1337 1117 1384 vidisset,
1139 1338 1342 1387 trepidam-

156 1418 230 1453 que
258 1405 414 1440 turbam
442 1416 600 1441 suorum
629 1416 736 1439 arma
764 1403 996 1452 ordinesque
1026 1394 1253 1451 relinquere,
1287 1416 1341 1440 re-

155 1467 389 1515 prehensans
410 1458 600 1516 singulos,
633 1466 822 1503 obsistens
854 1467 1128 1515 obtestansque
1157 1467 1272 1503 deum
1303 1472 1342 1503 et

156 1531 357 1567 hominum
377 1531 491 1567 fidem
512 1530 740 1575 testabatur,
760 1529 1017 1579 nequicquam
1042 1530 1192 1566 desorto
1217 1531 1341 1579 praesi-

122 1618 135 1640 ⁴
156 1597 219 1633 dio
245 1610 307 1633 eos
333 1597 464 1646 fugere
477 1610 487 1643 3
517 1596 550 1632 si
578 1596 788 1632 transitum
814 1600 971 1644 pontem
991 1609 1013 1632 a
1033 1602 1141 1644 tergo
1166 1596 1339 1646 reliquis-

155 1667 252 1708 sent,
274 1662 351 1698 iam
380 1662 466 1711 plus
492 1662 660 1698 hostium
685 1661 727 1697 in
753 1661 908 1698 Palatio
934 1660 1203 1710 Capitolioque
1226 1674 1341 1711 quam

156 1727 196 1762 in
227 1726 403 1762 Ianiculo
431 1727 522 1763 fore.
580 1726 721 1775 Itaque
749 1739 916 1772 monere,
942 1726 1155 1774 praedicere,
1178 1732 1223 1762 ut
1249 1740 1347 1778 13an

157 1796 235 1827 tem
261 1791 373 1837 ferro,
399 1791 492 1840 igni,
515 1803 751 1844 ¹quacunque
776 1791 816 1826 vi
841 1790 1002 1839 possint,
1029 1790 1342 1840 intel-rumpant5

156 1858 195 1893 se
219 1856 408 1905 impetum
433 1849 616 1902 hostium,
638 1860 828 1905 quantum
853 1869 1009 1905 001··Ρο10
1035 1869 1112 1892 uno
1135 1861 1263 1906 posset
1281 1857 1342 1893 ob-

124 1922 251 1967 5sisti,
291 1925 555 1970 excepturum.
615 1921 737 1958 Vadit
782 1921 870 1957 inde
900 1921 959 1964 in
962 1921 1340 1970 primum-aditum

618 1966 703 1977 “v-
772 1962 890 1966 ,mn

141 1985 567 2037 ppguthjnsignisquc
596 1985 699 2021 inter
731 1989 934 2034 conspecta
962 1985 1179 2021 cedentium
1214 1998 1343 2035 pugna

159 2055 265 2099 terga
293 2051 463 2087 obversis
491 2050 665 2087 cominus
694 2050 741 2086 ad
771 2049 983 2086 ineundum
1009 2049 1185 2099 proelium
1211 2051 1340 2097 armis,

123 2115 239 2184 611150
268 2115 453 2152 milaculo
481 2115 652 2152 audaciae
677 2115 933 2164 obstupefecit
958 2114 1098 2152 hostes.
1146 2115 1384 2162 —D—u-ossta..

159 2193 247 2216 men
271 2193 358 2235 cum
383 2193 426 2217 eo
452 2181 588 2230 pudor
592 2180 1050 2229 tenmnflp..Lamium
1055 2194 1099 2223 ac
1111 2181 1175 2224 T.
1184 2181 1248 2218 H
1208 2194 1408 2231 Q

125 2261 139 2284 7
155 2233 277 2289 mum,
309 2245 442 2295 ambos
472 2245 594 2282 elaios
610 2258 764 2295 genere
793 2245 1009 2297 factisque
1047 2245 1144 2282 Cum
1175 2245 1236 2281 his
1265 2246 1340 2295 pri·
1412 2232 1417 2233 ⁷

159 2298 224 2304 ...—
714 2287 849 2301 ⁴’'*''·--=··
