1438 2466
192 126 265 164 172
694 124 840 162 LJVJJ
1134 123 1261 174 [iac.
1286 123 1360 170 308

190 225 369 261 vicesima
396 224 471 260 iam
499 224 691 273 stipendia
719 228 941 270 merentem,
965 235 1084 273 quum
1113 223 1162 259 ad
1190 221 1363 260 Coriolos

157 302 172 327 7
189 289 241 325 sit
267 288 461 325 bellatum.
521 288 579 325 Eo
607 301 687 325 rem
715 301 754 324 se
784 292 977 325 vetustate
1005 287 1276 334 oblitteratam,
1308 301 1363 325 ce-

190 357 315 389 terum
345 364 422 388 suae
452 353 643 388 memoriae
672 353 832 389 infixam
860 353 1005 398 afferre,
1036 365 1182 401 agrum,
1212 352 1258 387 de
1287 364 1362 400 quo

189 416 408 465 ambigitur,
440 416 575 452 finium
605 416 895 453 Coriolanorum
923 416 1052 463 fuisse,
1073 416 1270 466 captisque
1295 415 1363 454 Co-

189 480 297 517 riolis
315 481 398 516 iure
418 480 508 517 belli
523 480 719 529 publicum
739 481 871 530 populi
890 480 1058 517 Romani
1077 481 1233 518 factum.
1290 480 1364 517 Mi-

190 544 266 580 rari
290 556 340 589 se,
372 556 536 593 quonam
565 556 628 580 ore
662 543 852 580 Ardeates
878 544 1116 593 Aricinique,
1148 544 1255 580 cuius
1282 543 1366 593 agri

189 609 249 644 ius
268 621 467 656 nunquam
486 607 761 657 usurpaverint
778 607 961 644 111001111111
982 607 1185 644 Coriolana
1203 620 1255 654 re,
1277 620 1365 644 eum

190 686 228 709 se
247 686 269 709 a
288 673 428 722 populo
449 673 635 720 Romano,
658 685 771 722 quem
801 685 868 721 pro
897 672 1051 709 domino
1079 673 1242 709 iudicem
1271 674 1365 710 sece-

157 747 172 770 8
191 737 280 784 rint,
303 738 582 786 intercepturos
604 741 768 786 sperent.
809 737 890 773 Sibi
911 738 1092 786 exiguum
1114 737 1202 774 vitae
1215 741 1366 787 tempus

189 813 401 849 superesse;
430 813 508 837 non
527 800 695 849 potuisse
715 813 753 836 se
773 804 903 836 tamen
922 800 1101 836 inducere
1121 800 1162 836 in
1181 800 1365 846 animum,

190 865 296 913 quin,
313 877 426 914 quem
446 877 579 913 agrum
599 864 709 901 miles
728 878 796 914 pro
816 869 925 913 parte
944 865 1049 900 virili
1063 877 1180 901 manu
1193 865 1365 914 cepisset,

190 941 279 965 eum
306 940 423 964 senex
451 941 603 977 quoque
631 940 733 974 voce,
765 941 840 977 qua
868 941 946 965 una
973 932 1110 978 posset,
1142 929 1364 967 vindicaret.

192 993 427 1042 Magnopere
447 1004 486 1028 se
505 992 663 1028 suadere
688 993 838 1041 populo,
860 1006 908 1029 ne
936 993 1067 1029 inutili
1087 993 1232 1042 pudore
1260 1006 1368 1030 suam

123 1061 172 1098 72
190 1057 271 1106 ipse
291 1069 443 1093 causam
464 1057 674 1094 damnaret.
732 1056 917 1093 Consules
935 1069 1055 1106 quum
1076 1057 1272 1106 Scaptium
1292 1069 1369 1093 non

190 1120 346 1157 silentio
365 1120 487 1167 modo,
509 1120 574 1157 sed
599 1134 686 1157 cum
714 1133 870 1157 assensu
899 1121 1016 1158 etiam
1044 1121 1171 1157 audiri
1200 1120 1369 1157 animad-

192 1187 410 1233 vertissent,
431 1186 520 1222 deos
540 1186 789 1235 hominesque
809 1190 1004 1231 testantes,
1026 1185 1215 1234 flagitium
1234 1185 1369 1233 ingens

161 1270 174 1286 2
192 1252 286 1297 fieri,
308 1257 464 1300 patrum
489 1250 673 1299 primores
702 1253 908 1287 arcessunt.
968 1250 1066 1286 Cum
1094 1249 1141 1285 iis
1170 1249 1370 1285 circumire

192 1317 327 1362 tribus,
363 1328 481 1361 orare,
516 1328 565 1351 ne
602 1314 808 1364 pessimum
845 1314 995 1351 facinus
1032 1314 1159 1363 peiore
1196 1314 1370 1363 exemplo

193 1381 445 1418 admitterent
464 1379 607 1415 iudices
627 1379 668 1415 in
688 1392 795 1415 suam
816 1392 896 1415 rem
913 1379 1020 1415 litem
1037 1378 1234 1425 vertendo,
1251 1390 1368 1427 quum

193 1444 415 1494 praesertim,
450 1443 601 1479 etiamsi
629 1443 684 1479 fas
712 1443 763 1479 sit
792 1456 921 1479 curam
951 1442 1200 1479 emolumenti
1229 1441 1288 1478 sui
1316 1441 1371 1478 111-

193 1510 269 1547 dici
288 1522 378 1555 esse,
401 1521 644 1558 nequaquam
666 1511 817 1544 tantum
840 1520 930 1556 agro
950 1507 1227 1555 intercipiendo
1247 1506 1371 1555 acqui-

192 1579 311 1621 ratur,
333 1577 521 1623 quantum
542 1572 746 1608 amittatur
771 1572 985 1608 alienandis
1012 1571 1154 1607 iniuria
1182 1570 1371 1606 sociorum

162 1659 176 1682 3
193 1639 342 1676 animis.
400 1637 504 1673 Nam
543 1636 655 1672 famae
688 1636 843 1685 quidem
871 1648 914 1671 ac
942 1635 1031 1670 fidei
1059 1635 1200 1671 damna
1227 1634 1373 1670 maiora

193 1715 285 1749 esse,
307 1714 421 1752 quam
442 1713 525 1750 quae
545 1700 729 1737 aestimari
754 1704 931 1748 possent:
961 1699 1030 1735 hoc
1058 1699 1202 1747 legatos
1230 1699 1372 1735 referre

195 1768 361 1812 domum,
384 1766 454 1801 hoc
474 1764 636 1813 vulgari,
652 1765 722 1800 1100
742 1764 860 1801 socios
880 1763 1024 1809 audire,
1046 1763 1116 1799 1100
1136 1763 1274 1807 hostes,
1295 1775 1372 1811 quo

162 1855 176 1878 4
194 1847 280 1869 011111
301 1832 429 1868 dolore
448 1830 527 1875 hos,
549 1842 624 1878 quo
643 1842 730 1865 cum
748 1829 888 1879 gaudio
908 1828 1012 1864 illos?
1067 1827 1269 1876 Scaptione
1289 1826 1370 1871 hoc,

194 1896 404 1934 contionali
432 1895 523 1942 seni,
554 1895 815 1942 assignaturos
843 1897 1024 1942 putarent
1052 1892 1236 1928 finitimos
1255 1904 1372 1941 popu-

194 1962 274 1999 los‘l
313 1961 468 1997 Clarum
488 1959 558 1995 hac
578 1959 655 1995 fore
676 1958 842 2007 imagine
863 1957 1060 2006 Scaptium
1070 1970 1080 2003 ;
1109 1956 1173 1993 sed
1189 1955 1372 2005 populum

196 2027 414 2064 Romanum
435 2023 745 2073 quadruplatoris
770 2027 809 2059 et
834 2021 1100 2071 interceptoris
1130 2021 1211 2058 litis
1239 2021 1372 2058 aliena».

164 2114 178 2138 5
195 2103 395 2141 personam
416 2089 596 2125 laturum.
657 2087 779 2131 Quem
801 2087 903 2123 enim
923 2086 992 2121 hoc
1012 2085 1171 2134 privatae
1192 2085 1245 2120 rei
1274 2084 1371 2121 iudi-

195 2168 275 2191 cem
296 2153 440 2197 fedsse,
466 2155 511 2187 ut
537 2151 610 2187 sibi
639 2149 979 2186 controvelsiosam
999 2148 1237 2184 adiudicaret
1265 2149 1373 2185 rem?

197 2217 392 2266 Scaptium
425 2216 548 2264 ipsum
584 2214 619 2249 111
655 2213 820 2261 quidem,
857 2211 926 2247 etsi
960 2209 1180 2258 prauum-tui
1214 2210 1288 2245 iam
1321 2210 1372 2245 sit
