1438 2466
149 137 224 176 164
663 139 813 177 LIVII
959 138 1087 191 [A.U.c.
1113 143 1319 190 307—308

144 238 299 284 patrum
324 239 369 271 ut
394 235 510 271 nimis
529 234 670 271 feroces
690 247 778 272 suos
797 235 948 272 eredere
972 235 1130 272 iuvenes
1153 250 1243 283 esse,
1264 237 1318 273 ita

145 298 269 345 malle,
283 298 316 335 si
335 300 471 335 modus
490 299 730 336 excedendus
745 303 854 345 esset,
869 299 948 336 suis
963 313 1077 348 quam
1093 300 1320 337 adversariis

97 380 125 397 ιι
144 375 340 412 superesse
361 363 518 401 animos.
574 363 686 400 Adeo
711 363 922 400 moderatio
946 363 1098 400 tuendae
1117 364 1316 411 libertatis,

144 427 235 464 dum
265 427 408 476 aequari
438 427 536 463 velle
564 427 780 464 simulando
810 427 865 464 ita
894 441 933 465 se
963 428 1125 477 quisque
1154 429 1317 476 extollit,

144 495 189 529 ut
225 491 416 540 deprimat
452 490 581 537 alium,
617 491 659 527 in
696 490 841 527 difficili
878 496 946 537 est,
982 491 1236 540 cavendoque,
1270 506 1319 530 ne

143 559 329 601 metuant,
368 554 542 592 homines
579 555 805 592 metuendos
841 555 945 592 ultro
986 568 1026 592 se
1062 555 1242 602 efficiunt,
1280 560 1320 593 et

142 620 324 657 iniuriam
352 620 400 656 ab
428 619 538 657 nobis
566 619 769 669 repulsam,
791 623 977 669 tanquam
1005 624 1073 656 aut
1101 619 1224 657 faeere
1251 625 1320 657 aut

143 684 225 733 pati
243 696 395 721 necesse
414 683 475 730 sit,
497 683 735 733 iniungimus
755 683 849 720 aliis.

75 747 124 786 66
221 748 263 785 Τ.
304 748 509 793 Quinctius
553 747 796 797 Capitolinus
839 752 1021 797 quartum
1065 751 1104 784 et
1145 747 1320 796 Agrippa

142 822 355 877 ggctffiakugrr
366 821 428 876 3¹1}ss
461 813 602 850 Furius
639 813 812 850 6611511165
856 812 946 849 inde
982 812 1074 849 facti
1117 824 1186 849 nec
1226 811 1320 848 sedi-

143 883 232 909 Volsci
243 883 296 908 and
308 883 395 914 AEqui.
460 876 604 913 tionem
639 875 742 913 domi
775 888 844 912 nec
873 875 965 912 foris
999 875 1142 912 bellum
1171 887 1319 923 aecepe-

111 961 125 977 2
143 945 236 977 runt
249 954 259 988 5
290 940 356 977 sed
381 940 608 977 imminebat
634 944 851 988 utrumque.
910 940 993 976 Iam
1019 935 1096 976 11611
1121 939 1226 976 ultra
1248 938 1320 975 dis-

143 1005 270 1042 cordia
290 1005 431 1042 eivium
458 1004 615 1054 reprimi
642 1008 803 1053 poterat,
826 1008 865 1040 et
883 1003 1050 1040 tribunis
1069 1008 1108 1040 et
1132 1004 1242 1052 plebe
1261 1003 1318 1039 in-

144 1069 261 1107 citata
287 1069 328 1105 in
348 1074 485 1117 patres,
507 1081 628 1118 quum
648 1068 729 1105 dies
748 1067 863 1104 alicui
883 1067 1069 1104 nobilium
1090 1067 1192 1104 dieta
1211 1067 1321 1104 novis

111 1154 125 1178 3
144 1146 293 1182 semper
312 1132 585 1170 certaminibus
604 1133 800 1169 contiones
823 1132 1009 1168 turbaret.
1067 1132 1133 1168 Ad
1157 1145 1320 1180 quarum

143 1198 311 1247 primum
341 1197 557 1246 strepitum,
587 1197 696 1234 velut
726 1197 835 1246 signo
862 1202 1026 1246 accepto,
1056 1209 1162 1233 arma
1189 1209 1321 1246 cepere

142 1260 266 1310 AEqui
293 1273 336 1297 ae
365 1260 508 1306 Volsci,
540 1260 654 1297 simul
687 1260 788 1309 quod
819 1263 1088 1309 persuaserant
1116 1259 1164 1295 iis
1194 1259 1320 1304 duces,

143 1325 272 1374 cupidi
313 1324 538 1374 praedarum,
579 1324 734 1361 biennio
771 1327 861 1360 ante
906 1323 1088 1360 dilectum
1132 1322 1319 1360 indictum

143 1388 277 1426 haberi
308 1401 387 1425 non
416 1388 595 1437 potuisse,
626 1388 820 1424 abnuente
849 1387 925 1424 iam
955 1387 1065 1436 plebe
1093 1386 1320 1436 imperium:

112 1472 125 1494 4
143 1466 187 1490 eo
215 1453 400 1490 adversus
429 1465 468 1489 se
501 1465 579 1489 non
612 1464 693 1489 esse
726 1452 860 1488 missos
892 1451 1093 1488 exereitus.
1151 1450 1321 1487 Dissolvi

143 1517 300 1554 lieentia
319 1516 515 1553 militandi
535 1529 690 1563 morem,
712 1529 781 1553 nec
800 1529 868 1565 pro
889 1515 1081 1552 communi
1101 1515 1177 1551 iam
1196 1515 1322 1564 patria

145 1582 310 1618 Romam
338 1593 428 1617 esse.
486 1580 678 1628 Quicquid
706 1580 851 1616 irarum
880 1579 1211 1627 simultatiumque
1234 1592 1320 1615 eum

145 1646 316 1683 externis
335 1645 464 1690 fuerit,
487 1645 527 1680 in
552 1645 654 1693 ipsos
674 1645 783 1681 verti.
842 1644 1054 1680 Oceaeeatos
1080 1643 1189 1691 lupos
1208 1642 1321 1679 intes-

113 1730 128 1754 5
146 1712 229 1748 tina
265 1711 369 1747 rabie
402 1709 643 1759 opprimendi
675 1709 908 1746 occasionem
948 1721 1036 1745 esse.
1097 1707 1322 1744 Coniunctis

145 1775 378 1812 exercitibus
397 1774 581 1810 Latinum
601 1773 769 1823 primum
789 1785 923 1821 agrum
944 1771 1186 1821 perpopulati
1204 1775 1296 1807 sunt
1311 1785 1321 1818 3

146 1838 283 1876 deinde
320 1842 522 1887 postquam
560 1837 615 1873 ibi
652 1848 764 1873 nemo
797 1835 939 1871 vindex
973 1835 1206 1879 occurrebat,
1238 1838 1321 1870 tum

147 1917 248 1951 vero,
279 1902 566 1941 exsultantibus
598 1901 690 1938 belli
721 1901 953 1946 auctoribus,
989 1899 1037 1935 ad
1070 1898 1209 1935 1noenia
1240 1897 1324 1946 ipsa

148 1970 282 2007 Romae
302 1967 565 2018 populabundi
585 1967 736 2016 regione
755 1970 873 2015 portae
895 1964 1104 2013 Esquilinae
1124 1975 1320 2007 accessere,

148 2033 403 2071 vastationem
441 2043 620 2081 agrorum
661 2043 728 2079 per
766 2028 1037 2065 contumeliam
1075 2026 1160 2063 urbi
1201 2031 1322 2062 osten-

117 2112 132 2135 6
150 2102 288 2135 tentes.
371 2095 488 2133 Unde
534 2099 735 2144 postquam
783 2092 910 2137 inulti,
951 2091 1115 2141 przedaun
1162 2103 1237 2139 prae
1283 2103 1322 2126 se

150 2166 316 2211 agentes,
344 2164 446 2197 retro
479 2159 527 2195 ad
559 2158 786 2196 Corbionem
818 2156 968 2205 agmine
999 2155 1086 2200 iere,
1118 2153 1323 2198 Quinctius

83 2227 130 2265 67
150 2225 281 2264 consul
309 2224 358 2261 ad
386 2224 603 2261 contionem
630 2221 815 2271 populum
843 2219 1004 2257 voca-vit.
1063 2219 1124 2255 Ibi
1155 2218 1195 2254 in
1226 2218 1322 2254 hane
