1438 2466
128 138 235 164 ΑΒΗ.
257 125 351 178 495]
582 124 754 162 LIBER
790 125 848 162 Il.
1260 130 1307 164 29

128 227 313 263 morando
337 239 388 263 an
407 226 596 263 veniendo
620 225 708 274 plus
731 226 895 275 periculi
920 227 1206 273 contraherent,
1228 235 1309 264 tan-

127 289 214 327 dem
255 289 299 326 in
335 295 513 327 senatum
556 289 732 326 veniunt.
791 289 1079 340 Frequentique
1117 289 1309 345 [tandem]

126 353 243 400 curia,
273 367 351 391 nou
380 353 494 391 modo
520 353 624 390 inter
650 357 791 402 patres,
825 353 891 390 sed
919 367 968 391 ne
999 354 1104 391 inter
1135 356 1309 392 consules

126 419 282 468 quidem
306 419 409 469 ipsos
433 419 527 455 satis
550 418 813 455 conveniebat.
875 419 1040 468 Appius,
1068 419 1308 456 vehementis
1326 438 1358 463 15

125 486 271 535 ingenii
296 485 368 531 vir,
388 483 551 534 imperio
575 483 768 520 consulari
792 496 872 520 rem
898 483 1085 533 agendam
1104 485 1306 521 censebat:

124 563 203 587 uno
239 554 309 586 aut
344 549 465 586 altero
502 552 669 598 arrepto,
707 548 907 597 quieturos
943 547 1038 584 alios
1052 561 1061 594 ;
1107 548 1306 594 Servilius,

124 614 276 651 lenibus
326 613 505 651 remediis
555 613 695 662 aptior,
743 612 954 649 concitatos
1004 613 1153 649 animos
1205 613 1307 649 flecti

101 691 239 728 -quam
286 678 413 728 frangi
459 678 625 727 putabat
669 691 789 726 quum
841 677 978 723 tutius,
1026 682 1109 713 tum
1157 677 1308 713 facilius

125 755 216 780 esse.

256 810 316 843 ter
339 806 418 842 haec
443 806 565 842 maior
589 805 667 841 aliu
776 819 863 843 ror:
893 804 1026 841 Latini
1051 805 1200 853 equites
1219 818 1305 841 cum
1326 808 1376 845 24

122 870 363 907 tumultuoso
387 869 572 906 advolant
602 871 753 916 nuntio,
783 869 943 906 Volscos
971 870 1024 905 in·
1091 898 1216 922 muscia„
1234 899 1306 923 iuva-

122 934 218 971 festo
254 935 427 971 exercitu
464 935 511 970 ad
551 935 686 971 urbem
725 935 1025 983 oppugnandam
1056 929 1306 984 {PH-erssififflffiffi

123 1000 264 1037 venire.
322 1000 416 1045 Quae
449 1000 584 1036 audita
613 1000 725 1049 (adeo
753 1000 850 1036 duas
873 1013 922 1036 ex
947 1013 1026 1036 una
1057 991 1199 1021 plebeiuns.

122 1063 281 1100 civitate
299 1063 489 1100 discordia
507 1063 666 1112 fecerat)
688 1063 798 1112 louge
817 1063 932 1099 aliter
949 1067 1080 1112 patres
1097 1076 1141 1099 ac
1154 1063 1305 1112 plebem

121 1127 290 1163 affecere.
353 1127 563 1163 Exsultare
587 1127 729 1175 gaudio
755 1127 909 1175 plebes,
945 1127 1090 1164 ultores
1118 1129 1306 1177 superbiae
1323 1150 1338 1166 2

122 1195 277 1240 patrum
296 1191 426 1228 adesse
446 1191 572 1227 dicere
590 1191 680 1227 deos
693 1205 703 1238 3
732 1191 833 1227 alius
851 1191 970 1227 alium
997 1191 1234 1238 confirmare,
1256 1205 1305 1229 ne

122 1255 279 1292 nomina
303 1256 466 1302 darent,
495 1269 582 1293 cum
606 1257 786 1293 omnibus
805 1257 935 1305 potius
954 1270 1070 1305 quam
1090 1258 1190 1294 solos
1209 1259 1305 1307 peri·

122 1325 230 1357 turos
245 1334 255 1367 ;
290 1326 420 1370 patres
457 1321 682 1365 militarent,
721 1326 851 1369 patres
887 1334 993 1357 arma
1029 1327 1221 1370 caperent,
1260 1327 1305 1358 ut

122 1398 237 1434 penes
265 1386 418 1423 eosdem
451 1386 621 1435 pericula
650 1386 753 1431 belli,
783 1400 899 1436 penes
931 1399 1026 1435 quos
1053 1387 1224 1436 praemia,
1253 1400 1305 1423 es-

121 1454 216 1487 sent.
274 1450 334 1487 At
353 1463 443 1487 vero
467 1451 586 1496 curia,
608 1455 743 1487 maesta
767 1464 810 1487 ac
834 1451 987 1499 trepida
1009 1451 1172 1499 ancipiti
1199 1455 1303 1487 metu
1322 1475 1337 1497 3

121 1519 162 1553 et
184 1515 232 1552 ab
257 1516 340 1552 cive
364 1521 404 1553 et
427 1516 476 1552 ab
501 1515 623 1562 hoste,
651 1515 858 1552 Servilium
885 1516 1091 1563 consulem,
1115 1515 1178 1552 cui
1201 1516 1304 1565 inge-

120 1580 230 1616 nium
255 1581 377 1630 magis
401 1581 585 1630 populare
604 1586 699 1626 erat,
721 1593 840 1627 orare,
861 1585 908 1620 ut
927 1581 1049 1618 tantis
1067 1581 1303 1617 circumven-

121 1647 203 1681 tam
221 1644 433 1681 terroribus
452 1644 655 1694 expediret
674 1658 753 1681 rem
775 1644 978 1693 publicam.
1038 1645 1136 1681 Tum
1157 1644 1300 1691 consul,
1321 1670 1337 1695 ⁴

121 1709 238 1746 misso
265 1714 414 1755 senatu,
447 1709 489 1746 in
523 1709 742 1746 contionem
774 1708 913 1758 prodit.
986 1709 1049 1745 Ibi
1085 1722 1185 1745 curae
1223 1722 1302 1745 esse

120 1773 297 1822 patribus
324 1773 504 1821 ostendit,
534 1779 581 1810 ut
608 1773 833 1810 consulatur
860 1772 964 1822 plebi
979 1787 989 1820 ;
1019 1778 1189 1810 ceterum
1212 1773 1303 1810 deli-

120 1839 312 1876 berationi
342 1839 388 1876 de
418 1839 589 1875 maxima
617 1838 774 1888 quidem
805 1839 883 1882 illa,
922 1839 989 1876 sed
1028 1844 1156 1875 tamen
1194 1844 1302 1888 parte

120 1903 293 1940 civitatis
315 1908 464 1939 metum
488 1916 558 1952 pro
584 1903 765 1939 universa
783 1915 824 1939 re
850 1902 1004 1952 publica
1021 1902 1300 1950 intervenisse3

120 1980 191 2005 nec
220 1980 337 2017 posse,
358 1980 477 2017 quum
506 1967 634 2004 hostes
662 1979 780 2016 prope
807 1966 856 2002 ad
884 1970 1013 2016 portas
1041 1971 1180 2010 essent,
1202 1966 1302 2002 bello
1320 1989 1334 2012 ⁵

120 2032 302 2082 praeverti
329 2032 546 2082 quicquam,
568 2045 649 2078 nec,
669 2033 704 2069 si
731 2032 784 2069 sit
811 2031 1024 2068 laxamenti
1051 2030 1212 2080 aliquid,
1233 2036 1303 2067 aut

120 2095 225 2146 plebi
247 2095 451 2133 honestum
476 2109 567 2144 esse,
589 2096 665 2133 nisi
691 2096 864 2133 mercede
882 2095 991 2145 prius
1009 2099 1173 2144 accepta,
1195 2107 1303 2131 arma

121 2171 191 2208 pro
216 2159 345 2208 patria
371 2173 450 2197 non
477 2160 631 2209 cepisse,
651 2172 777 2209 neque
805 2159 982 2208 patribus
1007 2158 1102 2195 satis
1121 2157 1301 2195 decorum

120 2237 189 2275 per
214 2231 360 2262 metum
385 2227 514 2276 potius
539 2239 655 2275 quam
680 2225 883 2275 postmodo
917 2225 1120 2263 voluntate
1150 2225 1301 2262 afflictis
