1438 2466
116 174 219 201 Α.οΗ.
243 161 468 214 464—463]
551 161 721 198 LIBER
761 160 843 198 III.
1246 163 1294 200 89

115 259 298 297 Mortuus
320 258 508 295 AEbutius
537 262 620 295 erat
640 257 840 293 Romanus
862 257 993 293 consul
1009 271 1019 304 ;
1049 258 1194 307 collega
1213 258 1295 295 eius
1316 269 1331 293 8

115 323 303 361 Servilius
340 322 480 371 exigua
517 323 558 358 in
596 334 663 370 spe
707 321 887 357 trahebat
923 322 1120 369 anima1n;
1167 323 1295 359 affecti

112 389 286 439 plerique
313 388 544 437 principum,
565 393 720 436 patrum
746 387 868 424 maior
893 400 993 436 pars,
1015 387 1196 424 militaris
1215 387 1295 425 fere

111 459 204 492 aetas
235 454 370 498 omnis,
400 456 446 489 ut
476 465 555 489 non
585 452 697 488 modo
735 452 782 488 ad
820 452 1096 501 expeditiones,
1129 465 1224 501 quas
1253 452 1295 488 in

111 523 222 556 tanto
250 517 423 555 tumultu
456 529 517 553 res
545 517 736 566 poscebat,
768 517 834 553 sed
864 517 931 552 vix
959 517 1007 553 ad
1041 516 1193 565 quietas
1223 521 1295 553 sta-

111 583 236 619 tiones
274 582 422 618 viribus
458 581 686 617 sufficerent.
745 580 893 617 Munus
931 580 1154 629 vigiliarum
1191 593 1294 617 sena·
1313 595 1329 619 9

111 651 224 694 tores,
255 647 322 696 qui
350 658 419 695 per
447 650 602 682 aetatem
630 658 673 682 ac
704 645 968 682 valetudinem
1004 650 1195 695 poterant,
1226 659 1294 695 per

110 723 150 747 se
169 710 244 760 ipsi
263 710 424 746 obibant
433 723 444 756 3
465 709 684 746 circumitio
703 723 746 746 ac
766 722 858 746 cura
877 710 1048 746 aedilium
1068 711 1173 760 plebi
1192 716 1275 747 erat
1282 725 1293 758 ;

109 774 159 811 ad
186 787 250 811 eos
277 787 428 811 summa
459 787 590 810 rerum
618 787 662 811 ac
690 775 871 811 maiestas
899 775 1111 811 consularis
1140 775 1293 824 imperii

111 842 277 875 venerat.
337 838 502 875 Deserta
539 838 678 883 omnia,
718 839 800 875 sine
837 839 972 888 capite,
1012 839 1095 876 sine
1131 839 1291 886 viribus,
1313 837 1335 875 '7

109 903 164 939 dii
191 902 370 952 praesides
398 915 442 939 ac
468 902 628 939 fortuna
651 902 759 939 urbis
787 906 917 939 tutata
945 907 1013 949 est,
1036 916 1120 952 quae
1140 903 1293 941 Volscis

109 967 326 1016 AEquisque
362 967 586 1017 praedonum
615 967 744 1016 potius
774 974 943 1004 mentem
975 980 1091 1016 quam
1122 967 1291 1005 hostium

108 1032 224 1070 dedit.
282 1031 395 1068 Adeo
422 1032 524 1068 enim
553 1031 700 1067 nullam
729 1044 831 1080 spem
856 1044 935 1068 non
960 1032 1140 1081 potiundi
1166 1032 1289 1079 modo,
1313 1053 1326 1068 α

108 1095 174 1133 sed
198 1108 248 1132 ne
269 1095 438 1132 adeundi
457 1095 612 1144 quidem
634 1094 809 1131 Romana
827 1095 970 1131 moenia
987 1095 1140 1132 animus
1159 1108 1292 1132 eorum

108 1160 219 1209 cepit,
252 1164 429 1208 tectaque
456 1159 590 1208 procul
619 1159 702 1196 visa
729 1163 846 1208 atque
874 1159 1122 1197 imminentes
1150 1161 1291 1197 tumuli

107 1228 281 1260 avertere
300 1228 450 1260 mentes
468 1236 611 1268 eorum,
626 1227 681 1269 ut,
699 1223 792 1259 totis
810 1222 954 1271 passim
974 1223 1110 1259 castris
1129 1223 1290 1260 fremitu

107 1292 202 1333 orto,
234 1288 327 1337 quid
354 1288 396 1324 in
421 1292 531 1324 vasto
558 1300 602 1323 ac
631 1287 781 1323 deserto
811 1300 903 1336 agro
931 1287 1034 1323 inter
1063 1287 1192 1324 tabem
1230 1300 1290 1337 pe·
1310 1311 1325 1334 3

108 1365 240 1389 corum
266 1351 543 1400 hominumque
569 1351 717 1388 desides
745 1351 828 1388 sine
859 1351 989 1400 praeda
1015 1355 1168 1400 tempus
1196 1355 1289 1388 tere-

107 1420 206 1462 rent,
226 1428 347 1465 quum
374 1414 526 1464 integra
550 1415 644 1461 loca,
671 1415 933 1452 Tusculanum
960 1427 1096 1464 agrum
1118 1415 1289 1464 opimum

107 1480 237 1529 copiis,
279 1484 409 1529 petere
455 1484 624 1528 possent,
666 1479 776 1528 signa
825 1483 984 1528 repente
1029 1480 1292 1516 convellerent

108 1545 413 1593 transversisque
441 1544 646 1581 itineribus
668 1557 736 1593 per
765 1544 980 1581 Lavicanos
1006 1557 1116 1594 agros
1135 1544 1176 1581 in
1194 1544 1288 1581 Tus-

107 1609 264 1646 culanos
288 1609 403 1646 colles
421 1609 644 1646 transirent.
703 1608 761 1645 Eo
783 1608 840 1645 vis
861 1609 987 1645 omnis
1006 1613 1290 1658 tempestasque

107 1673 198 1709 belli
223 1685 406 1709 conversa
425 1677 493 1709 est.
543 1672 709 1708 Interim
729 1672 895 1709 Hernici
915 1672 1124 1722 Latinique
1143 1673 1290 1722 pudore
1309 1689 1321 1711 ⁴

106 1735 234 1782 ctiam,
272 1747 350 1772 nou
387 1734 649 1772 misericordia
686 1735 810 1771 solum
851 1735 959 1781 moti,
997 1735 1031 1772 si
1067 1748 1137 1772 nec
1175 1736 1289 1773 obsti-

107 1800 245 1836 tissent
263 1799 531 1836 communibus
550 1798 727 1835 hostibus
741 1799 882 1836 infesto
898 1799 1050 1848 agmine
1067 1799 1285 1836 Romanam

106 1864 240 1901 urbem
277 1863 499 1912 petentibus
549 1875 620 1899 nec
664 1875 775 1911 opem
817 1862 936 1899 ullam
975 1863 1138 1900 obsessis
1175 1864 1288 1901 sociis

105 1929 261 1974 ferrent,
300 1928 504 1965 coniuncto
540 1927 715 1964 exercitu
751 1927 917 1964 Romam
955 1932 1132 1976 pergunt.
1204 1928 1287 1983 Ubi
1307 1952 1322 1975 5

104 2006 225 2043 quum
254 1992 384 2029 hostes
411 2005 490 2029 non
517 1992 769 2038 invenissent,
796 1992 919 2028 secuti
952 1992 1095 2028 famam
1126 2005 1170 2028 ac
1207 2005 1286 2029 ves-

104 2058 200 2108 tigia
245 2057 349 2093 obvii
395 2057 495 2093 fiunt
538 2056 860 2093 descendentibus
903 2056 952 2092 ab
989 2055 1209 2092 Tusculana
1245 2057 1287 2093 in

105 2122 298 2158 Albanam
345 2121 493 2158 vallem.
570 2120 635 2157 Ibi
675 2121 974 2170 haudquaquam
1011 2133 1120 2169 aequo
1152 2121 1286 2170 proelio

103 2191 319 2236 pugnatum
345 2190 414 2231 est,
435 2185 604 2235 fidesque
627 2198 696 2222 sua
718 2185 831 2222 sociis
858 2198 995 2235 parum
1017 2185 1113 2221 felix
1133 2185 1175 2221 in
1194 2199 1286 2235 prae-

103 2251 228 2288 sentia
255 2250 340 2286 suit.
400 2249 522 2287 Haud
552 2250 678 2287 minor
715 2250 849 2287 Romae
882 2250 927 2286 fit
964 2250 1098 2287 morbo
1128 2254 1282 2298 strages,
1304 2269 1320 2294 ⁶
