1438 2466
51 157 152 184 ΛΑΜ.
177 143 270 197 449]
495 145 664 182 LIBER
701 145 784 182 III.
1157 146 1222 182 131

52 244 311 294 prohiberent,
341 243 547 280 Claudium
580 242 851 290 interpellandi
883 241 1112 278 verecundia
1140 241 1225 278 fuit.

52 308 295 345 Sententiam
315 307 433 356 igitur
452 307 611 356 peregit,
630 306 780 342 nullum
800 306 949 355 placere
968 311 1125 343 senatus
1144 319 1229 342 con-

51 372 196 409 sultum
217 372 309 409 fieri.
353 371 573 420 Omnesque
592 371 649 407 ita
667 371 917 420 accipiebant,
934 372 1107 420 privatos
1125 383 1190 407 eos
1208 383 1231 406 a
1249 381 1264 404 6

52 437 215 474 Claudio
236 436 424 472 iudicatos
440 449 450 482 3
481 435 670 484 multique
690 448 738 472 ex
757 436 1021 473 consularibus
1041 436 1157 472 verbo
1175 448 1230 471 as-

52 504 152 539 sensi
179 506 278 538 sunt.
343 501 432 537 Alia
459 501 662 547 sententia,
686 501 856 550 asperior
884 502 925 537 in
954 500 1128 550 speciem,
1151 501 1228 536 vim
1250 518 1263 541 7

54 567 238 603 minorem
260 566 459 615 aliquanto
478 566 626 610 habuit,
649 578 732 614 quae
753 565 932 615 patricios
951 565 1051 601 coire
1072 565 1121 601 ad
1146 577 1227 614 pro-

53 631 222 668 dendum
238 631 467 679 interregem
487 630 655 666 iubebat.
696 629 896 667 Censendo
916 629 1017 666 enim
1039 628 1229 678 quodcun-

16 738 19 741 ,
53 709 138 745 que,
152 694 401 744 magistratus
416 706 506 739 esse,
523 693 589 742 qui
609 698 787 730 senatum
809 694 1005 738 haberent,
1025 693 1229 738 iudicabat,

53 772 147 809 quos
174 760 347 808 privatos
374 757 518 794 fecerat
545 762 679 794 auctor
706 757 853 794 nullius
881 762 1036 794 senatus
1064 756 1231 793 consulti

56 822 228 859 faciendi.
270 821 334 858 Ita
349 821 504 857 labante
520 821 597 857 iam
615 834 728 857 causa
746 821 1063 866 decemvirorum,
1082 820 1122 856 L.
1143 819 1231 856 Cor-
1250 830 1265 854 8

55 887 178 923 nelius
193 885 484 934 Maluginensis,
499 884 552 922 M.
570 885 740 921 Cornelii
753 885 959 922 decemviri
974 886 1102 930 frater,
1112 897 1231 934 quum

54 963 102 986 ex
121 949 386 986 consularibus
400 948 447 985 ad
464 948 645 984 ultimum
661 949 812 985 dicendi
828 949 954 986 locum
969 949 1143 986 consulto
1159 961 1232 985 scr-

57 1018 170 1050 vatus
189 1017 299 1058 esset,
316 1012 532 1048 simulando
551 1025 680 1048 curam
703 1013 793 1048 belli
809 1013 968 1050 fratrem
989 1013 1232 1061 collegasque

54 1079 136 1114 cius
163 1077 356 1122 tuebatur,
377 1089 543 1125 quonam
566 1077 644 1113 fato
669 1077 877 1124 incidisset,
901 1077 1034 1114 mirari
1059 1090 1099 1114 se
1126 1078 1233 1114 dieti·
1251 1095 1268 1119 9

57 1148 153 1188 tans,
179 1148 222 1179 ut
250 1142 496 1188 decemviros,
520 1142 587 1191 qui
616 1141 916 1178 decemviratum
945 1143 1143 1191 petissent,
1164 1147 1234 1179 aut

55 1207 125 1243 soli
140 1211 209 1243 aut
224 1206 264 1242 hi
281 1206 448 1242 maxime
464 1210 746 1255 oppugnarent,
759 1211 827 1242 aut
842 1207 934 1255 quid
951 1207 1017 1253 ita,
1033 1221 1148 1257 quum
1168 1221 1235 1256 per
1260 1225 1286 1240 .0

57 1275 115 1306 tot
147 1282 295 1306 menses
326 1282 447 1305 vacua
474 1269 632 1305 civitate
661 1282 784 1316 nemo,
814 1271 958 1307 iustine
987 1271 1235 1320 magistratus

55 1345 213 1369 summae
241 1344 367 1368 rerum
399 1336 618 1381 praeessent,
639 1334 937 1369 controversiam
966 1333 1109 1380 fecerit,
1134 1347 1236 1370 nunc

55 1397 221 1442 demum,
252 1409 369 1445 quum
409 1395 538 1432 hostes
571 1409 688 1446 prope
725 1396 773 1433 ad
812 1401 941 1445 poitas
978 1398 1068 1443 sint,
1103 1398 1236 1434 civiles

55 1460 262 1496 discordias
291 1463 432 1505 serant,
464 1459 538 1496 nisi
576 1460 677 1509 quod
714 1460 755 1497 in
794 1461 949 1498 turbido
988 1462 1115 1497 minus
1152 1475 1234 1511 por-

55 1525 231 1574 spicuum
250 1523 333 1561 fore
352 1529 503 1573 putent,
526 1524 618 1573 quid
642 1529 788 1573 agatur.
849 1525 1029 1562 Ceterum
1062 1526 1234 1577 (cu-nim,
1257 1550 1283 1566 ,1

57 1589 199 1625 maiore
219 1601 309 1625 cura
328 1588 522 1637 occupatis
541 1588 691 1636 animis,
712 1601 845 1625 verum
860 1601 950 1633 esse,
970 1589 1233 1638 praeiudicium

57 1653 111 1688 rei
132 1657 250 1705 tantae
276 1651 377 1687 haud
406 1650 505 1701 fieri)
526 1651 599 1687 sibi
623 1651 771 1700 placere
789 1652 836 1688 dc
855 1664 912 1699 co,
933 1652 1035 1701 quod
1058 1652 1237 1688 Valerius

58 1717 322 1766 Horatiusque
350 1722 440 1753 ante
468 1717 556 1753 idus
587 1717 711 1753 Maias
739 1717 974 1753 decemviros
1002 1717 1125 1753 abisse
1155 1729 1231 1752 ma-

56 1783 221 1831 gistratu
251 1781 640 1828 insir11ulent,hbellis,
670 1794 754 1830 quae
784 1781 1022 1827 innnineant,
1044 1781 1235 1830 perfectis,

57 1858 97 1881 re
116 1845 269 1894 publica
296 1846 335 1880 in
363 1845 617 1894 tranquillum
647 1845 811 1892 redacta,
833 1852 970 1882 senatu
997 1846 1238 1894 disceptante

56 1910 128 1959 agi,
159 1915 199 1946 et
228 1910 302 1945 iam
337 1922 439 1946 nuuc
466 1910 522 1947 ita
550 1923 589 1946 se
627 1923 762 1960 parare
801 1912 900 1959 App.
942 1911 1162 1957 Claudium,
1194 1915 1239 1947 ut
1260 1928 1288 1944 η

57 1975 311 2020 comitiorum,
342 1987 424 2023 quae
463 1974 687 2011 decemviris
725 1975 900 2012 creandis
929 1975 1121 2011 decemvir
1156 1975 1236 2024 ipse

57 2038 246 2084 habuerit,
276 2039 367 2075 sciat
398 2039 472 2075 sibi
500 2039 690 2076 rationem
719 2040 952 2076 reddendam
982 2052 1072 2086 esse,
1104 2044 1235 2076 utrum

57 2104 99 2141 in
129 2116 248 2140 unum
285 2116 431 2140 annum
468 2104 588 2140 creati
627 2104 717 2150 sint,
747 2117 808 2150 an,
847 2104 969 2140 donec
1001 2103 1114 2152 leges,
1155 2117 1238 2152 quae

57 2170 242 2215 deessent,
281 2168 552 2218 perferrentur.
613 2169 658 2205 In
698 2169 902 2218 praesentia
939 2168 1068 2204 onmia
1097 2172 1237 2216 praeter
1259 2185 1289 2207 η

57 2234 198 2270 bollum
221 2233 349 2270 omitti
370 2234 538 2282 placer0;
567 2234 675 2270 cuius
695 2235 724 2269 si
747 2234 842 2269 salso
859 2233 996 2269 fitmam
1022 2233 1230 2282 vulgatam,

1013 2304 1122 2343 5)—2
