1438 2466
167 110 271 136 rou.
294 96 388 148 508]
627 98 797 135 LIBER
833 99 891 135 Π.
1301 101 1345 137 17

166 195 346 244 quiverat
372 194 606 244 Tarquiniis,
635 207 748 243 quam
779 195 880 243 quod
914 199 1095 243 negatum
1124 194 1172 230 iri
1200 195 1273 231 sibi
1300 196 1348 231 ab

167 259 354 296 Romanis
377 260 582 308 ignoraret.
641 258 702 295 De
726 272 817 308 agro
843 258 1076 295 Veientibus
1109 258 1348 295 restituendo
1366 278 1380 299 4

166 324 429 373 impetratum,
449 336 703 372 expressaque
729 323 934 359 necessitas
958 323 1107 359 obsides
1131 323 1248 359 dandi
1275 323 1349 359 Ro-

167 389 302 434 manis,
340 388 374 425 si
411 387 586 424 Ianiculo
624 387 845 436 praesidium
882 387 1018 424 deduci
1055 387 1208 424 vellent.
1273 387 1350 423 His

167 449 455 486 condicionibus
483 449 693 498 composita
720 461 822 497 pace,
852 449 1064 485 exercitum
1097 448 1146 484 ab
1252 448 1284 471 ’τ

167 513 331 549 deduxit
350 512 542 549 Porsinna
561 516 601 548 et
619 524 710 560 agro
731 511 908 567 Romano
927 511 1100 548 excessit.
1149 511 1286 548 Patres
1306 512 1345 548 O.
1369 529 1382 551 5

169 566 437 614 Mucio“viff11
460 590 492 613 is
522 567 658 613 0311ss
664 562 782 612 ffuiss-
801 576 970 613 Tiberim
998 589 1134 625 agrum
1164 575 1263 612 dono
1291 577 1349 612 de-

167 642 268 686 dere,
289 654 374 690 quae
402 646 535 690 postea
561 645 661 677 sunt‘
682 640 817 677 Mucia
840 645 952 690 prata
973 640 1177 688 appellata.
1234 639 1348 688 Ergo,
1368 655 1383 678 6

114 699 118 703 ’
168 707 225 743 ita
244 707 431 744 honorata
450 707 610 752 virtute,
631 705 783 742 feminae
803 718 955 755 quoque
974 704 1023 741 ad
1042 703 1196 754 publica
1215 704 1351 741 decora

168 773 355 817 excitatae,
394 776 434 808 et
471 771 607 821 Olgelia
644 771 755 820 virgo
792 783 871 806 una
907 783 956 806 ex
993 769 1201 817 obsidibus,
1230 782 1348 820 quum

164 824 571 891 &Etruscorum
599 835 701 872 forte
730 835 833 872 haud
862 834 994 884 procul
1023 834 1107 883 ripa
1130 833 1279 870 Tiberis
1303 834 1350 870 lo-

167 906 254 938 cata
278 905 417 945 essent,
439 901 628 936 frustrata
652 900 841 945 custodes,
861 900 941 935 dux
966 898 1131 947 agminis
1156 898 1350 947 virginum

167 965 271 1002 inter
291 965 369 1001 tela
388 965 558 1001 hostium
578 965 749 1001 Tiberim
769 964 942 1001 tranavit
961 970 1196 1012 sospitesque
1221 976 1351 999 omues

170 1029 334 1066 Romam
358 1031 406 1066 ad
431 1031 666 1079 propinquos
690 1030 875 1066 restituit.
933 1029 1045 1074 Quod
1070 1029 1138 1065 ubi
1156 1029 1236 1078 regi
1257 1042 1351 1065 nun-
1370 1045 1383 1068 7

169 1093 309 1130 tiatum
335 1100 405 1138 cst,
426 1093 550 1142 primo
576 1093 755 1130 incensus
785 1093 843 1130 ira
867 1098 1036 1129 oratores
1062 1093 1226 1130 Romam
1247 1094 1352 1130 misit

167 1158 216 1194 ad
244 1158 419 1194 Cloeliam
447 1158 618 1195 obsidem
646 1158 947 1207 deposcendum:
975 1158 1072 1194 alias
1099 1157 1202 1194 haud
1223 1158 1351 1207 magni
1369 1171 1384 1194 8

168 1222 316 1268 sacere3
343 1222 482 1259 deindo
507 1222 549 1258 in
568 1222 864 1259 admirationem
885 1235 1028 1268 versus,
1050 1235 1168 1271 supra
1188 1223 1351 1259 Coclites

170 1285 396 1335 Muciosque
411 1286 538 1323 dicere
549 1286 589 1322 id
601 1286 750 1322 facinus
762 1299 861 1338 esse,
876 1291 916 1322 et
935 1299 1014 1335 prae
1034 1299 1073 1322 se
1092 1287 1203 1332 ferre,
1220 1299 1349 1334 quom-

167 1350 386 1397 admodum,
419 1350 453 1387 si
478 1363 556 1386 non
581 1335 760 1387 defin-r„
771 1351 892 1396 obses,
918 1364 987 1399 pro
1013 1355 1127 1400 rupto
1157 1351 1281 1388 foedus
1311 1365 1351 1389 se

168 1415 405 1462 habiturum,
444 1416 498 1452 sic
534 1415 705 1452 deditam
743 1415 929 1452 intactam
962 1415 1266 1465 inviolatamque
1302 1417 1348 1453 ad

168 1492 256 1515 suos
284 1479 544 1516 remissurum.
606 1480 806 1529 Utrinque
835 1479 1013 1516 constitit
1042 1480 1161 1519 fides:
1204 1486 1243 1517 ct
1278 1481 1351 1517 Ro·
1368 1500 1384 1523 9

169 1543 274 1579 mani
310 1543 449 1592 pignus
486 1543 590 1591 pacis
623 1557 672 1580 ex
702 1543 843 1580 soedere
875 1543 1144 1589 restituerunt,
1179 1548 1219 1579 et
1248 1544 1350 1593 apud

129 1616 134 1620 ⁴
168 1619 293 1656 regem
322 1607 529 1643 Etruscum
553 1620 631 1644 non
658 1612 746 1644 tuta
770 1607 907 1653 solum,
928 1607 995 1644 sed
1020 1606 1209 1644 honorata
1233 1608 1350 1644 etiam

169 1662 295 1709 virtus
324 1672 412 1717 fuit,
442 1672 716 1721 laudatamque
745 1672 935 1721 virginem
965 1677 1074 1721 parte
1107 1672 1282 1708 obsidum
1310 1685 1350 1709 se

168 1735 309 1773 donare
341 1737 468 1781 dixit3
509 1737 604 1786 ipsa,
638 1750 734 1786 quos
768 1737 896 1782 vellet,
930 1736 1084 1785 legeret.
1146 1735 1350 1772 Productis
1370 1755 1401 1772 ιο

168 1801 357 1847 omnibus,
379 1801 534 1850 elegisse
554 1801 730 1850 impubes
749 1801 894 1838 dicitur
909 1815 920 1848 5
947 1801 1050 1850 quod
1073 1805 1112 1837 et
1131 1801 1349 1850 virginitati

167 1865 347 1901 decorum
371 1870 412 1902 et
435 1878 620 1902 consensu
646 1865 822 1902 obsidum
848 1865 1018 1914 ipsorum
1039 1866 1234 1914 probabile
1254 1871 1348 1912 erat,

168 1943 250 1967 eam
270 1935 423 1967 aetatem
442 1930 687 1980 potissimum
707 1930 864 1967 liberari
883 1931 932 1967 ab
946 1930 1066 1977 hoste,
1083 1943 1168 1979 quae
1182 1932 1349 1968 maxime

167 1998 385 2043 opportuna
408 1993 561 2031 ‘miuriae
586 1998 696 2031 esset.
755 1994 856 2032 Pace
881 1995 1155 2044 redintegrata,
1181 1995 1349 2032 Romani
1368 2016 1396 2034 ιι

166 2069 305 2094 novam
325 2057 367 2094 in
386 2058 530 2095 femina
548 2059 737 2096 virtutem
756 2072 857 2096 novo
877 2071 1014 2114 genere
1032 2057 1198 2113 honoris²
1219 2063 1350 2096 statua

166 2121 620 2171 equesssEL-dssmmflss.
638 2123 680 2160 in
705 2136 856 2160 summa
886 2123 1002 2160 Sacra.
1033 2123 1097 2159 via
1124 2123 1200 2160 fuit
1223 2124 1350 2173 posita

165 2186 275 2235 virgo
294 2185 467 2223 insidens
485 2199 592 2235 equo.
905 2181 951 2187 ”⁴
973 2183 993 2187 “
1011 2180 1289 2191 ”””””’”““””“”’

281 2273 312 2301 s.
337 2273 370 2301 L.
1211 2266 1234 2302 :3
