1438 2466
166 132 240 168 160
681 132 738 168 LI
747 133 827 170 VII
1111 134 1160 187 [A.
1171 148 1240 174 [Le.
1265 149 1338 186 305

162 235 202 268 et
232 235 381 279 aequato
418 231 586 279 primum
624 231 804 279 periculo,
838 233 983 281 pudore
1020 233 1159 270 deinde
1194 235 1344 272 animos

128 312 145 337 9
163 297 336 346 peditum
365 297 589 333 accendunt.
650 296 904 333 Verecundiae
942 302 1034 345 erat,
1067 298 1238 346 equitem
1275 312 1344 336 suo

161 363 363 411 alienoque
383 363 513 399 Marte
531 375 714 412 pugnare,
732 363 900 411 peditem
920 376 968 399 ne
988 364 1036 399 ad
1055 364 1343 417 pedes-'quidem

94 429 142 465 63
161 426 336 475 degresso
356 426 479 474 equiti
497 439 628 475 parem
647 439 737 463 esse.
785 427 949 463 Vadunt
967 426 1088 475 igitur
1106 427 1147 463 in
1166 428 1343 477 proelium

161 491 210 526 ab
247 503 317 526 sua
353 494 463 539 parte
499 490 682 527 omissum
719 495 759 527 et
788 491 924 536 locum,
955 504 1004 527 ex
1037 504 1112 540 quo
1141 497 1341 539 cesserant,

162 558 344 603 repetunt
355 567 366 600 3
394 559 665 603 momentoque
684 568 762 591 non
781 555 962 593 restituta
985 556 1098 592 modo
1117 569 1256 605 pugna,
1278 557 1344 593 sed

128 641 142 657 2
161 618 372 655 inclinatur
391 619 509 655 etiam
535 619 688 655 Sabinis
715 633 844 657 cornu.
903 620 1033 669 Eques
1061 621 1164 657 inter
1191 621 1345 658 ordines

160 683 335 732 peditum
355 687 481 720 tectus
500 697 539 720 se
558 684 607 720 ad
628 697 744 732 equos
763 684 899 733 recipit
914 698 924 731 3
953 685 1170 721 transvolat
1191 685 1281 721 inde
1303 685 1343 721 in

160 752 309 797 partem
337 748 500 784 alteram
528 748 607 784 suis
643 748 815 785 victoriae
852 749 1014 785 nuntius
1027 763 1038 796 3
1075 749 1190 785 simul
1227 754 1267 786 et
1302 749 1345 785 in

161 813 290 849 hostes
317 812 394 848 iam
422 812 592 861 pavidos,
619 813 761 861 quippe
789 813 874 849 fuso
902 826 980 849 suae
1008 813 1130 862 partis
1159 813 1345 849 validiore

161 890 291 921 cornu,
312 877 501 925 impetum
527 876 628 913 facit.
687 876 727 912 Ν
730 889 781 913 011
805 876 969 913 aliorum
994 890 1038 913 eo
1062 877 1195 925 proelio
1222 877 1346 914 virtus

129 955 142 976 3
161 942 282 990 magis
301 941 452 977 enituit.
490 941 633 978 Consul
654 941 856 989 providere
876 941 1015 987 omnia,
1038 941 1196 978 laudare
1214 942 1343 986 fortes,

162 1005 369 1054 increpare,
401 1005 524 1042 sicubi
553 1005 706 1054 segnior
735 1019 865 1054 pugna
893 1011 1002 1043 esset.
1060 1006 1249 1055 Castigati
1274 1006 1346 1043 for-

162 1070 261 1106 tium
287 1069 419 1106 statim
445 1069 618 1105 virorum
644 1083 797 1118 operam
826 1070 1001 1112 edebant,
1024 1074 1252 1119 tantumque
1277 1071 1346 1107 hos

129 1153 142 1175 4
161 1134 295 1183 pudor,
316 1138 505 1183 quantum
526 1134 621 1170 alios
640 1134 773 1170 laudes
792 1134 1023 1171 excitabant.
1066 1135 1346 1184 Redintegrato

161 1198 325 1235 clamore
354 1199 524 1247 undiquc
552 1211 684 1234 omnes
712 1197 860 1234 connisi
886 1197 1035 1234 hostem
1062 1202 1256 1243 avertunt,
1276 1211 1346 1234 nec

160 1263 299 1299 deinde
320 1263 497 1299 Romana
517 1262 576 1299 vis
594 1262 778 1298 sustineri
800 1262 937 1311 potuit.
997 1262 1132 1298 Sabini
1159 1262 1235 1299 fusi
1263 1275 1343 1311 pas-

161 1328 233 1364 sim
253 1341 321 1377 per
339 1341 450 1376 agros
469 1331 594 1364 castra
613 1327 715 1363 hosti
735 1327 783 1363 ad
803 1327 971 1375 praedam
990 1327 1227 1376 relinquunt
1281 1326 1345 1362 Ibi

160 1406 238 1429 non
258 1393 458 1438 sociorum,
480 1392 580 1428 sicut
598 1391 640 1428 in
658 1391 814 1440 Algido,
837 1404 907 1436 res,
929 1391 995 1427 sed
1021 1404 1108 1427 suas
1134 1391 1342 1436 Romanus,

161 1457 475 1506 populationibus
494 1469 673 1505 agrorum
694 1456 864 1501 amissas,
886 1455 1033 1504 recipit.

127 1541 141 1564 5
242 1521 409 1558 Gemina
441 1520 603 1557 victoria
640 1520 790 1556 duobus
827 1519 1006 1556 bifariam
1038 1519 1185 1568 proeliis
1221 1524 1343 1568 parta,

476 1585 643 1635 maligne
663 1589 820 1622 senatus
840 1585 880 1620 in
901 1598 1021 1621 unum
1041 1584 1142 1621 diem
1160 1585 1346 1634 supplica—

160 1615 216 1639 The
225 1616 322 1639 senate
331 1615 447 1643 refusing

159 1646 446 1705 2(„‘‚}{{¹,{3¹J¹}¹t¹istssrnt1}¹t⁹ss
474 1651 598 1687 tiones
618 1650 820 1687 consulum
835 1650 991 1686 nomine
1006 1649 1185 1686 decrevit.
1218 1649 1343 1698 Popu—

161 1708 193 1732 ed
211 1710 240 1731 to
259 1708 332 1731 them
351 1707 384 1737 by
401 1707 447 1731 the

161 1738 275 1774 comitia.
287 1745 321 1761 on
334 1737 379 1772 the
391 1744 446 1761 mo-

160 1768 448 1827 fflss..}‘;²t'f12‡÷‘r¹ss't¹¹i¹,¹fi
476 1779 755 1827 supplicatu1n3
784 1783 824 1814 ot
848 1777 928 1814 haec
954 1791 1051 1827 vaga
1074 1779 1346 1828 popularisque

161 1833 251 1854 smne-2
263 1831 291 1853 of
301 1837 317 1854 a
328 1830 447 1859 triumph
595 1843 601 1849 .
672 1843 679 1849 .
821 1842 828 1848 .
837 1843 843 1849 .
1190 1842 1197 1848 .
1304 1843 1310 1849 .

159 1861 271 1889 granted
284 1861 318 1891 by
330 1860 375 1884 m„
389 1866 448 1890 pe&
475 1842 706 1891 supplicatlo
726 1842 866 1878 studiis
881 1855 999 1891 prope
1019 1842 1245 1878 celebratior
1258 1842 1342 1879 fult.

126 1928 143 1951 ⁶
160 1892 209 1921 ''h''
475 1906 660 1943 Consules
686 1920 734 1943 ex
760 1906 970 1955 composito
996 1906 1127 1942 eodem
1153 1906 1270 1942 biduo
1297 1906 1345 1943 ad

475 1715 535 1751 lus
566 1715 715 1751 iniussu
750 1719 790 1750 et
826 1714 948 1750 altero
985 1714 1047 1750 die
1085 1715 1264 1763 frequens
1296 1714 1346 1750 iit

160 1973 295 2009 urbem
326 1984 514 2008 accessere
547 1976 800 2019 senatumque
830 1971 872 2006 in
907 1968 1130 2021 [Martium]
1169 1983 1343 2020 campum

160 2049 377 2073 evocavere.
436 2035 519 2073 Ubi
544 2048 664 2084 quum
694 2035 740 2071 de
766 2035 880 2071 robus
905 2035 953 2070 ab
979 2048 1017 2071 se
1040 2034 1158 2083 gestis
1177 2040 1342 2084 agerent,

161 2100 288 2150 questi
312 2099 499 2149 primores
524 2103 690 2148 patrum,
715 2103 890 2135 senatum
918 2098 1021 2135 inter
1047 2098 1190 2135 milites
1215 2098 1345 2135 dedjta

128 2177 142 2200 ⁷
160 2177 275 2213 opera
293 2163 452 2200 terroris
471 2176 585 2199 causa
609 2162 753 2199 haberi.
812 2163 951 2211 Itaque
976 2162 1066 2199 inde
1091 2163 1274 2208 consules,
1296 2176 1344 2199 ne

160 2228 422 2266 criminationi
447 2228 552 2265 locus
576 2233 686 2274 esset,
711 2228 752 2263 in
781 2232 893 2277 prata
923 2228 1125 2275 Flaminia,
1148 2228 1214 2264 ubi
1242 2242 1344 2265 nunc
