1438 2466
75 159 178 187 ⁸mon.
201 144 296 200 461]
518 145 688 183 LIBER
723 145 808 184 III.
1202 148 1251 186 97

72 245 196 295 magis
231 257 347 294 opera
381 248 494 293 putet
532 256 612 279 rem
649 243 882 281 restitutam.
957 243 996 280 L.
1036 242 1252 288 Lucretius,
1271 266 1286 290 3

72 308 206 347 consul
233 309 327 345 anni
353 308 501 358 prioris,
522 308 670 344 recenti
696 307 820 357 gloria
846 307 985 353 nitens,
1008 321 1096 346 suas
1121 309 1253 346 laudes

73 373 305 423 participare
336 385 423 409 cum
457 371 623 416 Caesone,
662 384 875 409 memorare
912 385 1072 421 pugnas,
1111 373 1253 410 referre

73 437 226 486 egregia
244 436 416 474 facinora
433 448 538 472 nunc
557 435 598 471 in
617 435 943 484 expeditionibus,
965 449 1069 473 nime
1088 436 1130 473 in
1149 437 1252 482 acie3

73 501 233 538 suadere
269 505 310 536 et
352 511 519 545 monere,
557 499 738 536 iuvenem
774 501 980 549 egregium,
1020 500 1252 537 instructum
1271 515 1288 539 6

74 568 224 601 naturae
251 564 492 613 fortunaeque
511 564 690 601 omnibus
709 564 832 611 bonis,
854 565 1067 601 maximum
1088 577 1253 601 momen-

77 632 159 666 tum
171 641 301 665 rerum
313 629 395 665 eius
407 628 588 675 civitatis,
602 629 643 664 in
658 641 928 678 quamcunque
942 630 1123 676 venisset,
1140 643 1253 667 suum

34 723 39 727 .
74 706 190 743 quam
208 692 378 730 alienum
396 692 559 729 malJent
583 692 706 729 civem
725 705 815 730 esse.
874 693 986 737 Quod
1011 693 1182 730 offendat
1208 694 1250 730 in
1271 712 1288 738 7

74 771 129 805 ec,
161 757 354 795 fervorem
382 762 422 794 et
449 757 661 803 audaciam,
692 761 845 794 aetatem
875 758 1049 807 quotidie
1082 757 1253 804 auferre;

75 822 178 872 quod
221 821 472 867 desideretur,
519 821 735 866 consilium,
784 822 824 857 id
866 821 908 857 in
950 822 1032 858 dies
1074 834 1249 859 crescere.

75 885 371 923 Senescentibus
407 884 527 930 vitiis,
563 888 847 921 maturescente
884 885 1044 931 virtute,
1083 885 1255 922 sinerent

75 953 230 986 tantum
262 949 390 985 virum
422 960 552 985 senem
582 948 623 984 in
653 948 812 985 civitate
845 949 938 985 fieri.
997 949 1116 985 Pater
1152 949 1254 986 inter
1272 961 1288 986 8

75 1013 147 1051 hos
163 1013 206 1051 L.
229 1013 446 1058 Quinctius,
468 1013 531 1049 cui
557 1013 790 1050 Cincinnato
816 1026 1026 1063 cognomen
1055 1019 1149 1059 crat,
1176 1027 1255 1051 non

75 1078 251 1115 iterando
281 1077 424 1124 laudes,
457 1090 506 1114 ne
533 1077 750 1114 cumularet
774 1078 975 1124 invidiam,
1008 1079 1072 1115 sed
1100 1079 1254 1115 veniam

75 1143 196 1180 errori
213 1147 331 1192 atque
355 1141 620 1179 adolescentiae
639 1143 815 1191 petendo,
837 1143 921 1189 sibi,
943 1144 1010 1192 qui
1035 1156 1113 1180 non
1139 1144 1253 1190 dicto,

75 1220 154 1244 non
173 1208 274 1245 facto
284 1219 517 1256 quemquam
533 1207 763 1252 offendisset,
778 1211 824 1243 ut
839 1207 1101 1243 condonarent
1118 1207 1252 1255 filium,

75 1271 218 1309 orabat.
277 1270 353 1308 Sed
375 1270 443 1307 alii
467 1271 748 1307 aversabantur
773 1283 902 1320 preces
925 1276 994 1307 aut
1024 1271 1255 1309 verecundia
1272 1287 1289 1313 9

75 1339 146 1371 aut
173 1341 281 1371 metu
308 1335 385 1380 alii,
415 1347 455 1371 se
483 1347 650 1384 suosque
676 1335 864 1371 mulcatos
890 1339 1103 1384 querentes,
1134 1337 1254 1373 atroci

75 1411 256 1448 responso
274 1398 462 1436 iudicium
482 1411 596 1435 suum
614 1400 878 1448 praeferebant.
923 1399 1128 1437 Premebat
1146 1413 1252 1438 reum
1275 1401 1323 1440 13

75 1468 214 1513 praeter
251 1463 448 1512 vulgatam
485 1462 674 1499 invidiam
712 1463 856 1499 crimen
888 1476 1021 1509 unum,
1062 1464 1164 1513 quod
1196 1465 1251 1501 M.

78 1527 258 1565 Volscius
278 1527 418 1574 Fictor,
435 1527 502 1576 qui
517 1531 608 1563 ante
627 1526 778 1575 aliquot
791 1539 911 1563 annos
931 1527 1113 1563 tribunus
1132 1527 1254 1576 plebis

75 1593 214 1639 fuerat,
248 1592 360 1628 testis
389 1591 606 1636 exstiterat,
641 1604 681 1627 se
711 1591 815 1627 haud
848 1591 972 1628 multo
1006 1596 1102 1640 post,
1137 1605 1251 1640 quam
1273 1609 1289 1626 ι

76 1656 298 1706 pestilentia
317 1656 358 1692 in
378 1656 473 1693 urbe
484 1655 624 1701 fuerat,
641 1656 683 1692 in
694 1656 939 1692 iuventutem
955 1663 1193 1705 grassantem
1212 1657 1253 1693 in

77 1720 230 1757 Subura
257 1719 445 1757 incidisse.
504 1719 568 1756 Ibi
594 1719 719 1756 rixam
746 1724 879 1756 natam
907 1733 990 1757 esse
1019 1720 1254 1770 fratremque

76 1797 188 1821 sunm
208 1784 391 1821 maiorem
410 1789 517 1832 natu,
542 1785 706 1821 necdum
727 1797 774 1821 ex
800 1786 933 1821 morbo
953 1785 1047 1821 satis
1067 1785 1251 1831 validum,

77 1860 206 1898 pugno
228 1849 347 1885 ictum
372 1849 421 1884 ab
448 1848 605 1886 Caesone
633 1849 831 1896 cecidisse5
861 1850 1124 1886 semianimem
1150 1851 1254 1887 inter
1274 1867 1285 1889 3

77 1926 213 1950 manus
240 1913 397 1950 domum
425 1914 608 1961 ablatum,
638 1919 910 1963 mortuumque
939 1914 1029 1950 inde
1057 1914 1251 1960 arbitrari,

76 1991 146 2015 nec
188 1978 262 2015 sibi
308 1991 390 2014 rem
431 1978 590 2027 exsequi
633 1982 713 2014 tam
757 1983 925 2015 atrocem
969 1992 1037 2027 pm·
1079 1979 1253 2016 consules

76 2042 315 2092 superiorum
352 2054 541 2079 annorum
575 2042 736 2079 licuisse.
796 2042 891 2079 Haec
929 2042 1085 2079 Volscio
1122 2044 1251 2080 clami-

75 2110 184 2144 tante
212 2106 308 2144 adeo
336 2107 520 2144 concitati
549 2106 724 2143 homines
752 2113 853 2154 sunt,
881 2112 926 2143 ut
956 2107 1056 2144 haud
1084 2108 1251 2145 multum

74 2171 228 2218 afuerit,
248 2171 345 2221 quin
364 2172 515 2221 impetu
534 2171 667 2221 populi
687 2171 794 2208 Caeso
812 2172 999 2209 interiret.
1039 2172 1253 2222 Verginius
1271 2192 1287 2219 ⁴

75 2235 195 2284 arripi
212 2235 322 2272 iubet
341 2235 535 2272 hominem
553 2239 594 2272 et
619 2235 660 2271 in
685 2235 839 2272 vincula
865 2235 963 2273 duci.
1022 2235 1181 2273 Patricii
1213 2237 1251 2273 vi

1112 2304 1138 2316 b

187 2314 222 2345 S.
246 2314 283 2344 1..
1119 2322 1130 2347 ί
