1438 2466
130 127 205 164 122
652 123 802 161 LIVII
1079 120 1209 174 [auc.
1232 136 1306 172 303

127 252 156 276 of
179 252 346 276 law—these
373 252 416 275 de·
444 229 516 270 rab?
537 223 725 259 tranSlaf'o
753 222 924 271 imperio·
984 223 1120 259 Minus
1147 223 1308 273 inSigniS

126 282 417 343 ᾓνῗζξιῖνῇᾌζαξῖοῇθ
444 288 536 337 quia
555 299 634 323 non
652 286 850 332 diutiuma,
871 287 1038 323 mutatio
1056 286 1143 324 fuit.
1201 287 1309 324 Laeta

127 343 416 404 ξῗὲῑᾏζῗξρθῐᾞξὲῗζῖ
443 352 547 388 enim
578 350 769 399 principia
800 351 1051 399 magistratus
1080 351 1161 387 eius
1190 351 1308 388 nimis

94 247 109 263 2

126 407 211 430 “ates
222 405 264 429 ‘⁰²
273 404 333 428 that
342 411 413 434 ’'³¹²‘'
444 415 711 461 luxuriavere;
742 427 785 451 eo
810 415 926 451 citius
953 415 1060 463 lapsa
1087 427 1147 451 res
1172 419 1231 452 est
1249 428 1306 452 re-

126 481 379 529 petitumque,
401 481 550 516 duobus
577 480 638 516 uti
662 481 913 517 mandaretur
940 480 1141 516 consulum
1168 493 1309 517 nomen

95 565 110 588 3
157 576 214 600 The
226 577 414 601 namesofthe
441 544 731 592 imperiumque.
790 543 1011 580 Decemviri
1048 545 1167 580 creati
1202 545 1305 594 App.

127 607 295 668 gffgeffig323
309 608 414 663 &efflui
443 609 640 656 Claudius,
672 609 712 646 T.
750 609 956 655 Genucius,
995 608 1038 645 P.
1071 609 1228 655 Sestius,
1262 609 1305 646 L.

126 669 173 692 vir.
441 675 642 720 Veturius,
683 675 723 711 O.
765 675 901 720 Iulius,
949 676 997 712 A.
1040 674 1226 721 Manlius,
1261 674 1308 711 P.

128 738 334 786 Sulpicius,
367 738 410 775 P.
435 738 644 785 Curiatius,
677 738 718 775 T.
745 738 948 785 Romilius,
985 738 1048 787 Sp.
1071 738 1304 774 Postumius.

94 818 108 840 4
128 801 290 838 Claudio
319 806 360 838 et
389 802 572 847 Genucio,
595 802 687 850 quia
717 801 908 850 designati
941 801 1115 837 consules
1145 802 1186 837 in
1219 813 1307 837 eum

125 878 272 901 annum
291 864 458 910 fuerant,
480 879 550 914 pro
580 865 724 902 honore
747 865 869 902 honos
893 866 1078 911 redditus,
1100 871 1140 903 et
1169 866 1306 911 Sestio,

125 928 239 964 alteri
268 929 467 965 consulum
501 930 640 978 prioris
670 930 774 975 anni,
807 930 909 978 quod
940 944 1022 967 eam
1053 943 1133 967 rem
1164 929 1309 978 collega

94 1013 108 1035 5
127 992 250 1029 invito
270 993 318 1029 ad
337 998 466 1042 patres
486 994 702 1031 rettulerat.
763 995 840 1031 His
860 995 1027 1043 proximi
1046 995 1171 1031 habiti
1190 995 1307 1043 legati

126 1062 216 1103 tres,
248 1059 314 1106 qui
348 1058 527 1094 Athenas
560 1059 696 1105 ierant,
733 1059 849 1095 simul
893 1072 962 1107 pro
999 1059 1190 1107 legatione
1226 1064 1307 1095 tam

126 1120 336 1169 longinqua
372 1122 529 1170 praemio
565 1126 666 1158 esset
698 1122 829 1167 honos,
864 1123 979 1158 simul
1008 1123 1152 1171 peritos
1178 1123 1304 1172 legum

125 1187 416 1235 peregrinarum
442 1187 490 1223 ad
520 1187 718 1223 condenda
735 1200 835 1223 nova
859 1187 946 1222 iura
967 1188 1055 1223 usui
1074 1186 1156 1223 fore
1180 1188 1304 1224 crede-

93 1263 108 1286 6
126 1251 229 1287 bant.
290 1251 525 1300 Supplevere
554 1252 672 1288 ceteri
700 1264 914 1287 numerum.
973 1251 1121 1287 Graves
1158 1264 1308 1300 quoque

125 1318 242 1351 aetate
275 1315 414 1351 electos
439 1316 661 1352 novissimis
689 1315 882 1363 suffragiis
905 1315 1047 1360 ferunt,
1080 1328 1155 1364 quo
1180 1316 1308 1351 minus

94 1398 108 1421 7
126 1379 304 1415 ferociter
316 1379 479 1416 aliorum
495 1380 601 1416 scitis
620 1380 927 1416 adversarentur.
978 1379 1168 1428 Regimen
1186 1380 1308 1416 totius

127 1443 376 1491 magistratus
395 1456 512 1491 penes
532 1443 707 1492 Appium
727 1447 810 1479 erat
829 1443 961 1478 favore
980 1443 1113 1491 plebis,
1138 1443 1309 1491 adeoque

128 1520 271 1543 novum
302 1508 375 1543 sibi
409 1508 609 1557 ingenium
638 1508 830 1553 induerat,
856 1513 901 1543 ut
928 1507 1114 1556 plebicola
1150 1513 1308 1556 repente

126 1573 326 1621 omnisque
355 1586 458 1609 aurze
488 1572 684 1621 popularis
710 1577 885 1621 captator
907 1572 1087 1608 evaderet
1110 1585 1179 1620 pro
1207 1572 1308 1608 truci

95 1649 302 1685 asaevoque
331 1636 562 1672 insectatore
596 1636 729 1684 plebis.
799 1635 958 1671 Decimo
985 1635 1046 1671 die
1076 1635 1137 1671 ius
1166 1635 1309 1684 populo

127 1701 270 1750 singuli
307 1701 531 1737 reddebant.
602 1702 659 1737 Eo
697 1701 758 1736 die
796 1713 912 1749 penes
949 1700 1171 1748 praefectum
1210 1700 1308 1736 iuris

127 1765 246 1801 fasces
272 1764 474 1801 duodecim
502 1770 631 1809 e1·ant;
663 1765 817 1813 collegis
838 1778 974 1800 novem
996 1764 1140 1812 singuli
1159 1765 1309 1800 accensi

127 1829 373 1877 apparebant.
433 1828 485 1863 Et
518 1829 559 1863 in
588 1829 702 1864 unica
731 1828 931 1864 concordia
960 1829 1063 1863 inter
1092 1828 1206 1877 ipsos,
1242 1829 1307 1877 qui

127 1905 334 1929 consensus
364 1893 528 1941 privatis
559 1893 755 1928 interdum
790 1892 942 1928 inutilis
970 1897 1039 1938 est,
1062 1905 1213 1928 summa
1246 1892 1310 1928 ad-

94 1975 110 1999 9
126 1969 259 1992 vorsus
279 1956 374 1991 alios
393 1957 554 2005 :equitas
578 1962 671 1992 orat.
732 1956 1014 1992 Moderationis
1043 1969 1175 1992 eorum
1200 1969 1310 2005 argu—

158 2047 341 2071 Renmrknbh·
379 2047 416 2070 in·
446 2026 619 2057 mentum
640 2021 815 2069 exemplo
837 2021 952 2057 unius
972 2021 1027 2057 rei
1043 2027 1195 2056 notasse
1215 2021 1308 2057 satis

127 2081 218 2102 stuncc
227 2078 255 2101 of
265 2078 414 2101 sels-donia}

127 2116 162 2133 on
181 2109 226 2132 the
245 2111 306 2138 part
326 2109 354 2131 of
371 2109 415 2132 the

127 2139 281 2163 decenn-irs.

444 2085 527 2122 crit.
601 2086 729 2129 Quum
768 2085 850 2121 sinc
888 2085 1158 2133 provocatione
1187 2086 1307 2121 cri-ati

447 2156 583 2195 ‹ss-ont,
615 2150 764 2186 defosso
793 2150 976 2185 cadavere
1002 2150 1106 2185 (lonii
1135 2150 1237 2198 apud
1262 2150 1305 2186 P.

80 2243 111 2259 ,ο
129 2217 309 2263 Sestium,
333 2217 501 2264 patricia:
524 2216 650 2264 gentis
682 2216 816 2260 virum,
841 2217 1000 2251 invento
1021 2215 1247 2263 prolatoque
1267 2216 1307 2251 in
