1438 2466
138 139 210 175 126
657 138 808 175 LIVII
949 138 1081 190 [auc.
1105 150 1310 187 304—305

134 237 325 273 libertatis
345 250 475 273 vocem
495 242 564 273 aut
589 238 631 273 in
650 241 788 274 senatu
808 242 877 274 aut
901 238 944 274 in
970 237 1110 286 populo
1135 237 1312 283 misisset,

133 303 268 338 statim
299 302 415 350 virgae
445 314 670 350 securesque
703 303 820 338 etiam
849 303 898 339 ad
925 307 1140 340 ceterorum
1168 305 1316 338 metum

102 379 118 403 6
134 367 420 415 expedirentur.
479 366 582 402 Nam
602 370 859 416 praeterquam
876 367 979 416 quod
997 368 1039 404 in
1058 367 1199 417 populo
1217 366 1315 402 nihil

134 435 218 466 erat
236 431 414 479 praesidii,
429 430 584 466 sublata
602 432 884 479 provocatione,
899 431 1212 468 intercessionem
1227 443 1316 479 quo-

134 508 208 544 que
245 508 426 532 consensu
469 495 717 541 sustulerant,
757 509 875 545 quum
913 497 1059 545 priores
1097 495 1314 540 decemviri,

134 559 391 607 appellatione
410 558 561 607 collegae
580 559 720 608 corrigi
739 559 891 596 reddita
905 560 954 596 ab
969 572 1008 595 se
1023 560 1118 605 iura,
1135 559 1317 595 tulissent

134 629 174 659 et
192 623 378 671 quaedam,
399 635 483 670 quae
503 623 562 658 sui
581 622 717 658 iudicii
737 623 860 660 videri
879 628 1045 672 possent,
1062 623 1111 659 ad
1130 622 1313 672 populum

101 707 115 729 7
133 687 364 723 reiecissent.
421 687 680 735 Aliquamdiu
705 692 880 736 aequatus
906 689 1009 724 inter
1036 700 1168 724 omnes
1194 691 1318 724 terror

134 750 209 786 fuit
224 763 234 796 3
260 749 449 798 paulatim
468 754 574 786 totus
594 755 744 787 vertere
764 751 806 786 in
824 751 976 800 plebem
993 752 1131 801 coepit3
1154 751 1318 788 abstine-

135 815 250 850 batur
264 827 286 850 a
301 815 476 863 patribus
485 829 494 861 3
514 815 554 850 in
575 814 800 851 humiliores
815 815 1020 852 libidinose
1036 816 1318 865 crudeliterque

134 879 414 916 consulebatur.
474 878 702 923 Hominum,
739 892 815 915 non
850 892 1050 916 causarum
1088 880 1162 917 toti
1193 884 1316 925 erant,

100 959 115 982 ε
134 948 178 980 ut
197 943 296 992 apud
318 956 413 991 quos
432 943 558 991 gratia
579 943 657 978 vim
682 944 783 992 aequi
807 944 975 981 haberet.
1033 945 1186 981 Iudicia
1212 944 1319 981 domi

133 1011 364 1055 conflabant,
394 1009 702 1058 pronuntiabant
730 1010 772 1045 in
800 1009 894 1045 foro.
953 1009 995 1045 Si
1024 1009 1111 1057 quis
1135 1008 1316 1057 collegam

133 1074 372 1123 appellasset,
393 1074 443 1109 ab
464 1086 517 1120 eo,
543 1073 589 1109 ad
617 1086 731 1122 quem
751 1078 922 1119 venerat,
944 1073 1000 1108 ita
1023 1073 1251 1118 discedebat,
1273 1077 1319 1109 ut

100 1163 117 1187 9
133 1139 336 1188 paeniteret
363 1151 441 1174 non
469 1137 608 1186 prioris
634 1137 786 1174 decreto
811 1137 973 1174 stetisse.
1033 1136 1176 1186 Opinio
1200 1137 1317 1173 etiam

133 1205 215 1240 sine
240 1207 395 1239 auctore
422 1203 581 1246 exierat,
603 1215 681 1238 non
708 1202 747 1238 in
777 1201 978 1251 praesentis
1001 1201 1114 1238 modo
1133 1202 1319 1250 temporis

133 1282 195 1304 cos
215 1267 398 1304 iniuriam
418 1266 664 1315 conspirasse,
686 1266 751 1302 sed
772 1266 894 1302 foedus
913 1265 1195 1301 clandestinum
1216 1267 1319 1302 intel·

134 1332 351 1385 ipsos-iure
382 1330 544 1367 iurando
578 1331 710 1375 ictum,
745 1343 794 1366 nc
826 1330 981 1366 comitia
1013 1329 1202 1366 haberent
1238 1343 1318 1378 per-

133 1400 324 1446 petuoquc
345 1394 605 1430 decemviratu
632 1406 846 1442 possessum
867 1393 982 1429 semel
1004 1393 1226 1429 obtinerent
1250 1393 1319 1429 im-

65 1465 113 1501 37
131 1459 292 1508 perium.
351 1457 678 1506 Circumspectarc
698 1461 782 1492 tum
802 1457 1050 1505 patriciorum
1080 1456 1212 1492 vultus
1239 1457 1316 1505 ple-

132 1525 207 1561 beii
235 1529 273 1560 et
297 1524 388 1560 iude
414 1523 606 1559 libertatis
625 1527 780 1571 captare
799 1536 945 1567 auram,
968 1523 1070 1558 unde
1090 1523 1315 1559 servitutem

133 1588 304 1625 timendo
340 1587 382 1623 in
416 1600 502 1623 eum
536 1591 681 1623 statum
715 1601 794 1624 rem
834 1587 1026 1636 publicam
1061 1587 1315 1625 adduxerant.

101 1673 115 1689 2
136 1654 327 1690 Primores
360 1657 513 1701 patrum
545 1652 670 1687 odisse.
704 1652 952 1694 decemviros,
983 1652 1106 1688 odisse.
1140 1651 1288 1700 plebem
1306 1666 1317 1699 3

133 1732 202 1755 nec
239 1717 409 1767 probare,
445 1729 529 1765 quae
560 1717 707 1762 fierent,
740 1721 780 1753 et
810 1717 975 1761 credere,
1011 1717 1114 1752 haud
1148 1717 1319 1766 indignis

133 1783 301 1820 accidere
317 1796 326 1828 3
363 1781 475 1817 avide
506 1781 652 1817 ruendo
684 1781 732 1817 ad
763 1781 982 1817 libertatem
1016 1781 1057 1817 in
1091 1781 1317 1817 servitutem

100 1869 115 1892 3
133 1849 280 1897 elapsos
299 1848 432 1883 iuvare
448 1846 560 1886 nollo.
575 1846 764 1882 cumulari
781 1858 933 1894 quoque
950 1846 1125 1892 iniurias,
1140 1849 1185 1882 ut
1203 1845 1319 1882 taedio

133 1914 382 1963 praesentium
411 1911 587 1948 consules
615 1911 691 1947 duo
720 1911 875 1947 tandem
907 1916 946 1946 ct
974 1915 1100 1947 status
1132 1910 1319 1960 pristinus

99 1993 114 2016 4
133 1991 260 2015 rerum
281 1977 321 2013 in
342 1975 572 2012 desiderium
595 1976 766 2011 veniant.
812 1976 894 2011 Iam
917 1980 956 2011 et
975 1980 1210 2024 processerat
1229 1988 1318 2024 pars

133 2042 254 2079 maior
272 2041 365 2078 anni
385 2045 424 2077 et
443 2041 526 2077 duae
548 2040 689 2076 tabulae
707 2040 834 2090 legum
855 2041 902 2076 ad
923 2040 1061 2089 prioris
1080 2040 1173 2077 anni
1188 2040 1316 2077 decem

132 2106 284 2143 tabulas
303 2108 416 2141 erant
441 2104 606 2150 adiectae‚
630 2117 699 2140 nec
719 2103 923 2152 quicquam
951 2104 1027 2139 iam
1054 2108 1263 2152 supererat,
1286 2104 1315 2139 si

132 2185 185 2208 eae
201 2182 352 2220 quoque
371 2169 473 2218 leges
488 2168 716 2205 centuriatis
736 2168 903 2205 comitiis
922 2168 1079 2217 perlatae
1095 2173 1231 2215 essent,
1249 2181 1318 2205 cur

102 2253 114 2273 5
133 2249 176 2273 eo
203 2235 430 2284 magistratu
456 2233 509 2270 rei
537 2233 698 2282 publicae
724 2246 819 2282 opus
848 2237 955 2270 esset.
1015 2233 1316 2282 Exspectabant,
