1438 2466
104 159 207 186 acu.
231 147 456 199 462—461]
543 147 712 185 LIBER
749 146 832 183 III.
1235 147 1283 184 95

103 246 302 295 accipiant.
361 247 404 283 Si
431 246 584 283 animus
611 246 674 292 sit,
696 259 774 283 non
797 246 926 282 defore
953 243 1172 290 auxilium;
1200 256 1286 290 con-
1305 262 1333 284 η

103 310 247 346 sentire
265 321 396 346 omnes
415 309 601 347 tribunos.
660 308 826 346 Nullum
849 312 1035 344 terrorem
1063 310 1280 350 externum,

103 371 254 408 nullum
281 371 497 421 periculum
525 385 633 419 esse3
662 372 808 409 cavisse
834 371 924 408 deos
950 370 1077 419 priore
1105 382 1218 414 anno,
1241 372 1286 405 ut

103 440 190 473 tuto
218 437 374 474 libertas
411 437 565 475 defendi
599 442 738 487 posset.
797 436 894 473 Haec
931 434 1090 472 tribuni.
1148 434 1208 470 At
1237 446 1285 470 ex
1307 432 1351 469 11

102 506 211 551 parte
230 503 352 540 altera
369 503 544 540 consules
569 503 611 540 in
634 506 841 552 conspectu
864 513 996 538 eorum
1023 498 1160 549 positis
1182 498 1286 535 sellis

102 565 286 603 dilectum
308 566 512 604 habebant.
570 566 628 603 Eo
652 566 865 603 decurrunt
883 563 1035 600 tribuni
1053 562 1286 600 contionem-

103 643 177 680 que
196 643 324 668 secum
342 631 514 668 trahunt.
563 631 685 669 Citati
704 631 815 681 pauci
836 630 946 667 velut
964 629 1020 666 rei
1039 627 1286 678 experiundae

38 731 42 734 ,
103 707 226 741 causa,
247 699 287 732 et
313 695 446 732 statim
469 696 528 732 vis
546 700 687 732 coorta.
746 694 1025 742 Quemcunque
1045 693 1160 729 lictor
1178 691 1286 728 iussu
1305 706 1318 722 2

103 760 270 797 consulis
305 760 530 809 prendisset‚
569 760 751 797 tribunus
786 758 894 795 mitti
930 757 1090 794 iubebat
1104 770 1114 803 3
1160 768 1285 804 neque

102 838 215 862 suum
241 826 378 875 cuique
404 826 463 862 ius
486 825 643 862 modum
666 824 841 868 faciebat,
863 821 930 859 sed
957 821 1100 858 virium
1126 832 1222 869 spes,
1244 823 1284 855 et

103 903 221 927 manu
239 889 492 926 obtinendum
512 894 606 935 erat,
627 888 731 938 quod
749 886 981 924 intenderes.

181 953 513 999 Quemadmodum
529 967 569 991 se
588 953 738 991 tribuni
757 952 964 1002 gessissent
982 951 1024 986 in
1043 948 1284 999 prohibendo
1306 967 1320 990 3

103 1019 256 1065 dilectu,
278 1020 332 1057 sic
358 1024 486 1069 patres
513 1020 555 1056 in
579 1019 672 1069 lege,
704 1031 786 1067 quae
815 1030 883 1066 per
911 1028 1044 1053 omnes
1072 1013 1286 1051 comitiales

103 1085 184 1122 dies
219 1085 424 1131 ferebatur,
461 1084 706 1133 impedienda
742 1082 935 1133 gerebant.
994 1079 1163 1116 Initium
1200 1082 1285 1114 erat
1305 1096 1319 1119 ⁴

103 1148 208 1194 rixae,
246 1160 366 1197 quum
412 1147 606 1184 discedere
652 1146 838 1196 populum
881 1143 1083 1180 iussissent
1120 1141 1284 1187 tribuni,

104 1213 205 1261 quod
234 1217 362 1262 patres
389 1225 428 1249 se
456 1212 692 1249 summoveri
720 1210 823 1248 haud
849 1209 1040 1247 sinebant.
1101 1207 1141 1244 N
1144 1220 1185 1244 ec
1208 1207 1287 1243 fere

103 1277 270 1314 seniores
298 1277 355 1314 rei
381 1278 609 1323 intererant,
640 1276 781 1326 quippe
814 1288 898 1324 quae
931 1286 1011 1311 non
1041 1272 1201 1310 consilio
1233 1285 1288 1308 re-

103 1343 237 1391 genda,
285 1343 349 1379 sed
395 1343 582 1392 permissa
627 1342 841 1379 temeritati
885 1339 1129 1388 audaciaeque
1175 1341 1286 1374 esset.

103 1405 278 1443 Multum
305 1411 346 1444 et
373 1407 547 1444 consules
575 1419 614 1443 se
641 1406 901 1451 abstinebant,
928 1417 976 1440 ne
1005 1403 1067 1440 cui
1097 1402 1139 1439 in
1173 1402 1285 1439 collu-
1308 1426 1322 1449 5

103 1471 217 1508 vione
245 1484 375 1508 rerum
403 1471 644 1508 maiestatem
673 1482 782 1507 suam
813 1466 1055 1506 contumeliae
1093 1465 1285 1503 offerrent.

104 1537 210 1574 Caeso
255 1541 338 1574 erat
375 1537 595 1582 Quinctius,
634 1536 742 1573 ferox
779 1533 933 1571 iuvenis
970 1544 1046 1581 qua
1083 1530 1289 1568 nobilitate
1307 1543 1323 1567 6

103 1600 240 1649 gentis,
261 1613 338 1650 qua
365 1599 534 1649 corporis
556 1598 826 1649 magnitudine
852 1603 892 1634 et
916 1596 971 1632 vi-

104 1665 219 1701 ribus.
278 1665 345 1701 Ad
382 1677 427 1702 ea
458 1677 620 1701 munera
649 1663 742 1701 data
777 1676 800 1699 a
830 1662 904 1699 diis
933 1666 972 1699 et
1003 1650 1184 1710 {lffintertiiffaor
1206 1650 1290 1675 Kae⁵⁰

104 1729 184 1778 ipse
211 1728 413 1766 addiderat
431 1729 556 1766 multa
574 1728 666 1765 belli
686 1728 824 1765 decora
842 1727 972 1765 facun-

103 1793 284 1843 diamque
320 1794 360 1830 in
398 1793 491 1839 foro,
532 1798 578 1830 ut
609 1806 723 1831 nemo
754 1805 833 1830 non
870 1793 1014 1842 lingua,
1054 1807 1134 1831 non
1171 1807 1288 1831 manu

103 1857 318 1906 promptior
331 1857 373 1894 in
393 1857 552 1894 civitate
581 1857 798 1894 haberetur.
857 1856 937 1894 Hic
957 1870 1074 1907 quum
1096 1858 1137 1894 in
1161 1857 1288 1895 medio
1308 1881 1322 1904 7

103 1926 255 1970 patrum
279 1921 430 1971 agmine
459 1921 707 1967 constitisset,
729 1921 903 1958 eminens
921 1921 1024 1958 inter
1049 1921 1153 1967 alios,
1177 1920 1307 1966 velutl¹

103 1997 234 2021 omnes
272 1985 484 2022 dictaturas
531 1985 831 2035 consulatusque
868 1998 1004 2034 gerens
1037 1986 1077 2022 in
1116 1998 1208 2022 voce
1244 1983 1311 2033 acl

103 2049 251 2086 viribus
279 2049 369 2095 suis,
403 2062 504 2087 unus
541 2050 710 2099 impetus
747 2050 975 2087 tribunicios
1007 2049 1287 2099 popularesque

102 2114 286 2164 procellas
303 2114 530 2152 sustinebat.
569 2114 658 2151 Hoc
677 2113 774 2151 duce
793 2127 893 2164 saepe
911 2113 1013 2163 pulsi
1029 2113 1113 2150 foro
1125 2113 1285 2159 tribuni,
1304 2130 1318 2155 3

103 2178 190 2216 fusa
207 2191 251 2215 ac
269 2179 404 2228 fugata
421 2178 551 2228 plebes
570 2181 652 2225 est,
681 2178 750 2227 qui
769 2177 908 2215 obvius
935 2176 1072 2222 fuerat,
1094 2176 1287 2214 mulcatus

101 2242 347 2291 nudatusque
392 2242 536 2287 abibat,
575 2247 621 2278 ut
665 2242 760 2279 satis
805 2245 1022 2290 appareret,
1061 2241 1094 2277 si
1134 2240 1188 2277 sic
1224 2241 1284 2290 agi
