1438 2466
126 147 232 175 A.on.
254 135 348 188 491]
590 133 758 170 LIBER
794 133 854 170 II.
1255 128 1302 167 47

125 232 242 270 aliam
259 232 303 269 in
320 231 537 269 subiectum
555 230 627 267 viae
646 241 823 278 campum
842 227 1015 265 deduxit.
1073 225 1136 262 Ibi
1155 225 1196 261 111
1216 236 1302 261 0011-
1322 242 1335 258 2

125 296 245 334 tionis
263 296 422 334 modum
441 295 655 333 orationem
680 305 839 331 exorsus
866 292 1047 329 adversus
1067 293 1214 326 veteres
1239 301 1302 337 po-

126 361 208 410 puli
246 360 415 397 Romani
451 359 615 396 iniurias
651 358 855 406 cladesque
896 355 1024 405 gentis
1060 353 1304 398 Volscorum,

127 425 225 462 “Ut
261 425 416 461 omnia’'
446 424 575 473 inquit
607 420 925 459 “obliviscamini
962 419 1047 464 alia,
1080 417 1305 454 hodiernam

126 488 224 526 hanc
250 487 521 525 contumeliam
545 499 621 537 quo
649 485 807 523 tandem
836 483 966 521 animo
994 482 1114 527 fertis,
1136 493 1212 530 qua
1239 492 1306 529 per

126 557 299 590 nostram
318 551 570 601 ignominiam
590 549 701 586 ludos
722 547 968 586 commisere?
1022 546 1090 582 An
1118 557 1195 582 non
1222 556 1305 580 sen·
1322 557 1336 581 3

126 616 241 662 sistis,
263 615 548 664 triumphatum
566 613 680 651 hodie
699 613 746 650 de
767 612 876 649 vobis
894 611 998 648 esse?
1027 623 1095 647 vos
1114 609 1305 654 omnibus,

127 680 287 726 civibus,
325 678 548 729 peregrinis,
587 682 647 714 tot
683 676 863 714 finitimis
899 675 1062 725 populis,
1093 674 1308 723 spectaculo

79 734 82 738 ¹
127 746 312 782 abeuntes
336 743 482 780 fuisse?
509 747 658 779 vestras
683 742 874 790 coniuges,
894 745 1043 777 vestros
1067 739 1208 776 liberos
1233 743 1307 775 tra-

127 809 262 846 ductos
291 821 360 858 per
391 820 458 845 ora
491 807 719 844 hominqu
772 806 876 851 Quid
913 818 987 852 eos,
1021 804 1089 853 qui
1125 803 1307 841 audivere
1324 821 1338 842 ⁴

128 885 259 911 vocem
287 872 484 922 praeconis,
512 871 616 921 quid,
646 871 715 920 qui
742 883 811 908 nos
838 870 970 907 videre
998 869 1195 914 abeuntes,
1215 868 1308 917 quid

128 950 203 983 eos,
226 937 294 987 qui
321 936 411 973 huic
438 935 694 985 ignominioso
722 934 868 984 agmini
896 934 1003 970 fuere
1032 932 1148 978 obvii,
1176 932 1306 969 existi-

128 1014 250 1038 masse
270 1000 429 1050 putatis,
449 999 527 1036 nisi
545 998 703 1048 aliquod
728 998 897 1047 profecto
922 998 1030 1034 nefas
1056 1010 1148 1044 esse,
1170 1009 1257 1046 quo,
1277 998 1307 1033 si

129 1066 353 1103 intersimus
371 1064 599 1114 spectaculo,
619 1063 805 1100 violaturi
824 1062 944 1099 simus
963 1061 1072 1098 ludos
1097 1061 1307 1110 piaculum-

130 1142 205 1179 que
224 1128 426 1175 merituri;
455 1127 540 1164 ideo
561 1140 630 1164 nos
649 1127 698 1163 ab
718 1126 804 1163 sede
824 1125 986 1175 piorum,
1008 1129 1106 1161 coetu
1133 1124 1308 1161 concilio-

131 1206 206 1243 que
225 1193 352 1242 abigi2
407 1192 512 1237 Quid
541 1191 706 1228 deinde?
733 1190 831 1227 illud
856 1203 934 1226 11011
959 1189 1157 1234 succurrit,
1180 1189 1310 1225 vivere
1326 1211 1340 1235 5

132 1270 213 1303 nos,
239 1257 341 1307 quod
368 1257 643 1293 maturarimus
667 1255 879 1305 proficisci‘l
907 1254 939 1291 si
964 1253 1035 1291 hoc
1060 1253 1246 1303 profectio
1271 1260 1311 1290 et

133 1335 211 1360 non
237 1321 329 1372 fuga
357 1327 424 1358 est.
483 1321 536 1357 Et
564 1321 662 1357 hanc
691 1319 825 1356 urbem
845 1332 913 1356 vos
942 1331 1020 1355 non
1047 1318 1217 1355 hostium
1245 1317 1311 1354 du-

134 1387 232 1432 citis,
264 1387 332 1423 ubi
364 1385 397 1422 si
428 1398 551 1421 unum
588 1385 689 1421 diem
723 1384 862 1421 morati
895 1383 1039 1429 essetis,
1072 1382 1310 1419 moriendum

135 1451 314 1489 omnibus
350 1450 453 1487 fuit?
508 1449 662 1486 Bellum
699 1449 808 1485 vobis
844 1448 1033 1484 indictum
1070 1454 1140 1494 est,
1174 1460 1312 1496 magno

136 1529 267 1554 eorum
298 1515 413 1561 malo,
433 1514 501 1564 qui
528 1514 714 1561 indixere,
737 1514 770 1550 si
797 1513 871 1549 viri
900 1512 1028 1549 estis‚”
1085 1512 1149 1549 Ita
1176 1517 1216 1548 et
1243 1521 1342 1549 sua6

135 1585 272 1630 sponte
303 1580 451 1616 irarum
481 1578 587 1628 pleni
615 1583 654 1616 et
682 1578 837 1615 incitati
866 1577 998 1614 domos
1029 1576 1120 1613 inde
1152 1576 1312 1626 digressi

136 1649 243 1700 sunt,
260 1643 557 1693 instigandoque
583 1656 672 1680 suos
699 1644 860 1692 quisque
887 1642 1046 1692 populos
1074 1641 1240 1687 effecere,
1267 1645 1312 1678 ut

137 1721 250 1747 omne
268 1709 454 1745 Volscum
473 1721 612 1746 nomen
631 1708 818 1744 deficeret.

218 1773 473 1822 Imperatores
498 1772 547 1809 ad
571 1773 612 1809 id
638 1772 784 1809 bellum
811 1772 857 1809 de
885 1772 1057 1808 omnium
1084 1771 1311 1820 populorum
1328 1773 1377 1810 39

138 1837 332 1876 sententia
358 1837 448 1874 lecti
475 1837 615 1875 Attius
643 1837 794 1874 Tullius
821 1841 861 1873 et
889 1836 958 1874 Cn.
990 1836 1172 1883 Marcius,
1203 1835 1310 1873 exsul

139 1903 349 1947 Romanus,
362 1903 404 1938 111
418 1914 494 1951 quo
508 1902 708 1951 aliquanto
722 1901 809 1950 plus
827 1900 907 1950 spei
926 1900 1147 1949 repositum.
1187 1899 1311 1944 Quam
1327 1924 1341 1940 2

140 1980 246 2017 spem
272 1979 514 2016 nequaquam
538 1965 689 2012 fefellit,
710 1970 756 2002 ut
780 1965 891 2002 facile
916 1969 1128 2014 appareret,
1152 1964 1313 2002 ducibus

140 2031 365 2067 validiorem
390 2043 502 2079 quam
531 2030 703 2067 exercitu
730 2042 810 2067 rem
840 2029 1055 2066 Romanam
1084 2041 1173 2066 esse.
1232 2028 1313 2066 Cir-

140 2095 240 2133 ceios
258 2095 452 2145 profectus
470 2095 637 2144 primum
657 2094 810 2132 colonos
828 2093 917 2130 inde
945 2093 1139 2130 Romanos
1163 2093 1315 2142 expulit

141 2159 378 2209 liberamque
396 2171 480 2196 eam
499 2159 633 2195 urbem
653 2158 805 2196 Volscis
823 2158 986 2195 tradidit
1000 2171 1010 2204 ;
1040 2157 1130 2194 inde
1148 2158 1189 2194 in
1209 2157 1313 2195 Lati-
1329 2179 1344 2204 3

143 2236 231 2261 nam
245 2224 347 2260 viam
361 2224 590 2260 transversis
601 2224 823 2261 tramitibus
837 2227 1096 2273 transgressus
1108 2221 1311 2269 Satricum,
