1438 2466
118 145 223 172 ica.
246 131 340 184 494]
569 132 739 170 LIBER
775 133 833 169 ΙΙ.
1241 136 1289 174 39

118 230 256 268 habuit
279 242 349 279 pro
373 229 518 266 victore
539 229 692 278 populo,
720 229 960 278 rettulitque,
988 229 1082 278 quid
1107 230 1154 267 de
1182 231 1292 268 nexis

118 294 202 332 fieri
228 295 403 344 placeret.
461 294 555 339 Quae
580 306 699 342 quum
719 294 858 330 reiecta
876 293 1012 330 relatio
1031 298 1141 340 esset,
1163 297 1185 314 “
1201 295 1239 331 N
1243 307 1292 331 on
1308 315 1324 339 9

119 359 249 409 placeo
261 360 280 376 '’
299 358 428 408 inquit
448 362 470 378 “
483 358 692 395 concordiae
711 362 852 395 auctor.
904 357 1109 407 Optabitis,
1131 359 1292 396 medius-

119 422 243 470 fidius,
266 421 497 472 propediem,
517 426 564 458 ut
587 422 663 458 mei
691 421 836 459 similes
865 421 1043 459 Romana
1069 422 1200 471 plebes
1227 435 1291 472 pa-

119 491 251 524 tronos
269 487 417 524 habeat.
481 486 592 531 Quod
611 487 658 523 ad
678 499 739 524 me
760 487 912 531 attinet,
934 499 1057 536 neque
1077 486 1294 525 frustrabor

119 551 222 588 ultra
245 552 348 588 cives
366 564 468 588 meos
487 564 610 600 neque
629 551 711 600 ipse
728 551 874 588 frustra
892 551 1057 588 dictator
1076 564 1150 588 ero.
1208 552 1294 589 Dis·
1314 575 1344 591 ιο

119 615 255 652 cordiae
291 614 494 660 intestinae,
530 614 674 651 bellum
722 618 926 651 externum
969 614 1100 661 fecere,
1140 620 1185 652 ut
1223 615 1295 653 hoc

90 715 94 719 ,
120 677 348 727 magistratu
378 681 507 726 egeret
535 690 597 714 res
625 678 780 726 publica
792 691 802 725 3
839 691 917 727 pax
949 678 1045 716 foris
1077 684 1187 728 parta
1223 684 1292 726 est,

119 743 223 780 domi
251 742 484 792 impeditur;
516 742 693 791 privatus
721 743 852 792 potius
887 756 1004 793 quam
1040 743 1207 781 dictator
1242 757 1296 782 se-

119 806 260 844 ditioni
278 805 480 843 interero.’'
518 806 583 843 Ita
601 807 708 844 curia
726 820 899 857 egressus
918 808 1109 846 dictatura
1128 821 1167 846 se
1186 809 1293 846 abdi-

119 871 232 908 oevit.
271 871 469 920 Apparuit
488 883 601 907 causa
619 871 734 921 plebi,
756 884 864 908 suam
884 872 1007 909 vicem
1026 872 1294 922 indignantem
1315 898 1343 915 n

120 935 349 985 magistratu
368 934 491 972 abisse
505 949 514 982 5
534 935 666 984 itaque
682 934 790 972 velut
805 934 1001 984 persoluta
1014 935 1100 981 fide,
1115 937 1295 985 quoniam

120 1011 188 1049 per
213 1011 301 1036 eum
328 1011 407 1036 non
434 999 614 1046 stetisset,
644 999 739 1048 quin
767 1003 1021 1048 praestaretur,
1051 999 1296 1038 decedentem

120 1063 277 1101 domum
297 1076 384 1100 oum
403 1063 534 1100 favore
552 1076 596 1100 ac
615 1062 795 1099 laudibus
814 1062 1006 1112 prosecuti
1023 1068 1125 1101 sunt.

199 1128 330 1165 Timor
360 1127 452 1165 inde
479 1132 607 1177 patres
634 1126 802 1173 incessit,
831 1139 891 1173 ne,
920 1127 953 1163 si
981 1127 1160 1166 dimissus
1189 1142 1295 1167 excr-
1315 1134 1363 1172 32

121 1194 221 1231 citus
256 1193 367 1241 foret,
400 1205 534 1230 rursus
569 1196 689 1229 ooetus
717 1191 858 1228 occulti
885 1192 1011 1229 coniu-

121 1259 367 1308 rationesque
403 1258 550 1295 fierent.
610 1257 750 1306 Itaque
791 1269 1012 1306 quanquam
1041 1279 1091 1305 kee
1125 1281 1171 1305 the
1186 1281 1298 1306 soldiers

121 1336 190 1372 per
207 1323 436 1360 dictatorem
458 1322 621 1359 dilectus
646 1321 801 1358 habitus
829 1325 938 1367 esset,
960 1326 1014 1358 ta-
1041 1313 1297 1367 {2³2⁰‘sessssffgssgn‘hg

121 1399 222 1434 men,
260 1386 441 1436 quoniam
477 1386 520 1423 in
556 1385 756 1423 consulum
801 1385 918 1421 verba
960 1385 1015 1421 iu·
1042 1371 1141 1428 ἓξὲξ(
1156 1373 1297 1428 fflssgeffiffg

684 1449 691 1456 .
768 1449 775 1456 .
798 1449 805 1455 .
991 1449 997 1456 .
1044 1433 1163 1464 Agrippa
1179 1434 1232 1458 and
1251 1441 1296 1465 ap-

122 1455 255 1497 rasset,
294 1455 533 1488 sacramento
569 1454 696 1486 tenen
725 1448 888 1486 mlhtem
925 1453 1011 1494 rati,
1061 1464 1297 1490 ointmentof'rri-

122 1527 191 1565 per
209 1527 361 1552 causam
381 1514 557 1551 renovati
575 1513 623 1550 ab
642 1513 785 1562 AEquis
800 1513 891 1549 belli
903 1512 1016 1549 educi
1060 1501 1134 1520 unes

123 1593 173 1617 ex
207 1580 304 1617 urbe
340 1579 507 1629 legiones
535 1580 686 1616 iussere.
746 1578 832 1623 Quo
868 1577 972 1615 facto
1007 1581 1203 1614 maturata,
1239 1582 1299 1616 est
1315 1599 1329 1616 2

123 1644 271 1684 seditio.
321 1644 375 1681 Et
387 1644 511 1694 primo
529 1644 718 1692 agitatum
738 1643 882 1680 dicitur
900 1642 947 1680 de
965 1642 1163 1679 consulum
1184 1643 1295 1690 caede,

124 1713 170 1746 ut
205 1709 448 1746 solverentur
487 1712 751 1752 sacramento3
797 1707 928 1744 doctos
963 1706 1112 1752 deinde,
1150 1706 1297 1743 nullam

125 1773 263 1810 scelere
299 1772 525 1821 religionem
562 1771 720 1816 exsolvi,
760 1770 905 1808 Sicinio
940 1770 1105 1819 quodam
1142 1775 1298 1808 auctore

125 1837 275 1874 iniussu
289 1837 489 1874 consulum
501 1837 543 1873 in
559 1836 718 1873 Sacrum
737 1839 907 1872 montem
923 1835 1125 1872 secessisse.
1161 1835 1298 1885 (Trans

124 1902 319 1939 Anienem
347 1913 497 1938 amnem
534 1905 604 1945 est,
634 1900 712 1936 tria
743 1899 791 1936 ab
821 1899 916 1936 urbe
945 1899 1067 1935 millia
1102 1911 1294 1948 passuum.

129 1967 185 2003 Ea
211 1964 450 2014 frequentior
472 1965 575 2001 fama
595 1969 654 2001 est
681 1976 808 2013 quam,
829 1964 938 2000 cuius
963 1963 1053 2000 Piso
1075 1967 1208 2000 auctor
1226 1967 1294 2010 est,
1315 1981 1330 2005 ³

126 2031 167 2067 in
203 2029 447 2066 Aventinum
485 2029 735 2066 secessionem
771 2028 912 2064 factam
949 2027 1059 2077 esse.)
1115 2027 1178 2064 Ibi
1215 2027 1297 2065 sine
1313 2046 1328 2070 ⁴

125 2094 206 2132 ullo
233 2094 329 2131 duce
361 2093 463 2130 vallo
494 2093 670 2142 fossaque
707 2092 955 2129 communitis
985 2091 1130 2138 castris,
1161 2091 1295 2142 quieti,

127 2172 207 2197 rem
231 2158 378 2194 nullam
406 2157 482 2194 nisi
507 2158 757 2195 necessariam
780 2158 827 2194 ad
849 2157 995 2193 victum
1014 2155 1210 2203 sumendo,
1230 2169 1298 2206 per

126 2224 275 2273 aliquot
313 2222 395 2259 dies
432 2235 556 2271 neque
592 2221 757 2259 lacessiti
794 2234 916 2270 neque
956 2221 1183 2258 lacessentes
1218 2233 1298 2258 sese

1071 1218 1128 1243 The
1147 1219 1296 1245 Pati-inians

1041 1249 1241 1281 endeavouring
1268 1254 1297 1276 to
