1438 2466
130 152 234 180 Anu.
258 139 352 193 491]
589 141 760 178 LIBER
798 142 854 178 II.
1257 145 1306 181 45

130 244 205 277 tur.
236 239 489 277 Instaurandi
508 239 587 276 haec
605 251 719 276 causa
737 239 872 276 fuerat.
905 239 1026 276 Ludis
1086 255 1178 280 Attius
1203 255 1308 292 'rullius

130 317 242 342 mane
261 317 414 341 servum
433 304 590 354 quidam
610 308 721 353 pater
746 303 914 350 familiae,
934 316 1026 340 non·
1054 287 1309 376 {ngilssgiiig

1068 354 1076 370 1
1097 354 1112 370 7²
1153 354 1185 371 (10
1199 355 1215 371 ἶ.
1278 354 1308 371 81¹

131 369 224 406 dum
237 368 438 406 commisso
449 369 678 418 spectaculo,
686 369 756 404 sub
770 367 878 405 furca
890 380 1026 405 caesum
1056 377 1100 437 gf„
1102 378 1251 432 1]ζῖιῖἒὲῗέ
1263 385 1309 432 υἷι]-

131 436 256 473 medio
275 439 405 484 egerat
423 435 522 472 circo
529 449 539 481 3
565 435 679 483 eoepti
698 433 788 470 inde
808 433 902 480 ludi,
922 433 1028 470 velut
1057 437 1228 497 ssfss'ssssffi
1239 439 1310 493 iffi:

131 511 176 535 ea
207 511 267 535 res
297 498 394 534 nihil
427 498 476 535 ad
508 499 733 547 religionem
766 499 1025 548 pertinuisset.
1057 500 1114 524 cius
1125 500 1291 524 0⁰¹i⁰¹⁸¹¹¹¹⁸·

132 562 254 599 Haud
282 562 340 598 ita
368 563 492 599 multo
522 566 609 611 post
637 562 726 599 Tito
757 562 926 608 Latinio,
947 562 994 599 de
1019 562 1130 611 plebe
1148 561 1307 606 homini,
1325 577 1339 594 2

131 627 324 665 somnium
352 627 450 673 fuit3
480 628 586 664 visus
617 627 798 676 Iuppiter
826 627 964 672 dicere,
985 627 1059 664 sibi
1089 627 1191 663 ludis
1219 639 1310 676 prae-

81 727 85 731 .
131 693 361 731 sultatorem
389 692 651 742 displicuisse;
679 693 755 730 nisi
775 691 975 742 magnifice
994 692 1311 729 instaurarentur

131 759 161 795 ii
179 758 272 804 ludi,
289 759 503 808 periculum
523 758 612 795 urbi
630 758 731 805 sore;
752 758 838 803 iret,
859 770 905 795 ea
919 758 1139 795 consulibus
1158 760 1308 797 nuntia—

131 827 201 861 ret.
233 823 475 872 Quamquam
490 823 594 859 haud
613 835 705 859 sane
723 822 822 859 liber
840 826 924 859 erat
941 823 1126 872 religione
1145 824 1308 871 animus,
1328 832 1342 856 3

132 887 364 924 verecundia
387 891 519 923 tamen
543 886 755 923 maiestatis
780 887 1077 935 magistratuum
1098 885 1308 940 [timorem]

132 952 238 997 vicit,
258 963 308 988 ne
327 952 368 987 in
387 963 455 988 ora
474 951 671 988 hominum
694 963 762 999 pro
781 951 948 988 ludibrio
967 951 1102 988 abiret.
1161 952 1306 1002 Magno
1327 966 1342 989 ⁴

130 1016 190 1052 illi
223 1028 267 1052 ea
299 1015 496 1052 cunctatio
525 1015 636 1052 stetit
645 1029 654 1061 ;
685 1015 809 1051 filium
842 1028 1008 1065 namque
1037 1016 1142 1052 intra
1170 1029 1311 1066 paucos

131 1080 214 1117 dies
231 1079 373 1116 amisit.
432 1079 553 1117 Cuius
582 1079 795 1128 repentinae
826 1078 943 1115 cladis
973 1092 1021 1116 ne
1051 1092 1164 1116 causa
1192 1080 1311 1117 dubia

132 1148 243 1190 esset,
282 1156 382 1192 aegro
418 1143 540 1180 animi
577 1143 708 1180 eadem
746 1143 815 1179 illa
850 1143 891 1179 in
929 1142 1072 1180 somnis
1108 1143 1310 1181 obversata

131 1208 274 1258 species
295 1208 375 1244 visa
395 1212 454 1244 est
473 1208 649 1257 rogitare,
671 1207 783 1243 satin'
802 1220 981 1256 magnam
1001 1207 1120 1256 spreti
1138 1208 1310 1244 numinis

131 1273 290 1311 haberet
308 1273 520 1309 mercedem
530 1285 539 1319 3
566 1273 749 1309 maiorem
769 1273 925 1319 instare,
946 1272 987 1308 ni
1007 1276 1070 1309 eat
1088 1285 1247 1322 propere
1266 1285 1309 1309 ac

130 1337 288 1375 nuntiet
305 1337 535 1374 consulibus.
594 1335 680 1373 Iam
705 1336 931 1385 praesentior
954 1349 1015 1373 res
1039 1340 1131 1374 erat.
1189 1336 1310 1373 Cunc-
1327 1348 1342 1373 s

131 1406 279 1439 tantem
299 1405 429 1438 tamen
449 1414 492 1437 ac
517 1400 775 1450 prolatantem
801 1400 936 1449 ingens
955 1401 1014 1437 vis
1032 1400 1155 1436 morbi
1175 1400 1310 1437 adorta

130 1469 190 1503 est
225 1466 426 1502 debilitate
463 1465 603 1502 subita.
674 1465 784 1501 Tunc
821 1464 1018 1502 enimvero
1055 1464 1213 1501 deorum
1250 1465 1309 1501 ira
1325 1467 1342 1491 ⁶

130 1530 343 1567 admonuit.
401 1529 540 1567 Fessus
558 1529 680 1578 igitur
698 1528 810 1565 malis
829 1529 1035 1577 praeteritis
1053 1528 1306 1566 instantibus-

130 1607 216 1644 que,
237 1594 396 1631 consilio
415 1593 720 1643 propinquorum
746 1592 931 1639 adhibito,
953 1605 1072 1642 quum
1091 1593 1174 1629 visa
1192 1597 1308 1643 atque

130 1659 263 1697 audita
281 1663 321 1696 et
340 1659 586 1696 obversatum
611 1658 727 1695 toties
752 1670 885 1695 somno
905 1657 1050 1703 Iovem,
1072 1658 1197 1694 minas
1216 1658 1307 1695 iras-

130 1736 205 1774 que
237 1723 406 1761 caelestes
437 1726 730 1772 repraesentatas
763 1722 912 1759 casibus
945 1721 1024 1759 suis
1057 1721 1304 1770 exposuisset,

130 1801 314 1825 consensu
343 1788 433 1824 inde
462 1787 566 1824 haud
599 1786 717 1823 dubio
750 1786 934 1830 omnium,
967 1785 1035 1835 qui
1063 1785 1236 1832 aderant,
1266 1786 1308 1823 in

129 1851 257 1889 forum
287 1852 335 1888 ad
365 1851 540 1888 consules
569 1850 706 1887 lectica
734 1850 915 1886 defertur.
974 1849 1072 1886 Inde
1101 1849 1139 1885 in
1161 1849 1306 1886 curiam
1324 1871 1339 1895 7

128 1917 236 1953 iussu
269 1917 468 1953 consulum
501 1916 663 1961 delatus,
703 1915 834 1951 eadem
871 1915 940 1951 illa
976 1927 1094 1963 quum
1133 1914 1307 1963 patribus

128 1981 277 2031 ingenti
314 1981 487 2018 omnium
523 1980 778 2017 admiratione
816 1984 1039 2024 enarrasset,
1079 1991 1164 2015 ecce
1200 1979 1306 2016 aliud

128 2045 374 2083 miraculum:
405 2045 471 2094 qui
501 2049 637 2094 captus
666 2045 844 2081 omnibus
873 2044 1056 2081 membris
1085 2043 1236 2080 delatus
1265 2043 1306 2080 in
1323 2056 1339 2081 8

128 2109 274 2146 curiam
316 2113 426 2154 esset,
471 2121 570 2155 eum,
616 2108 794 2145 functum
840 2108 972 2154 officio,
1020 2107 1181 2156 pedibus
1227 2107 1306 2144 suis

128 2173 283 2210 domum
302 2173 456 2219 redisse,
477 2172 665 2210 traditum
684 2172 877 2209 memoriae
896 2180 962 2208 est.

207 2237 309 2275 Ludi
329 2250 444 2288 quam
465 2237 691 2286 amplissimi
711 2241 757 2273 ut
776 2237 924 2284 fierent,
946 2239 1101 2272 senatus
1120 2235 1301 2271 decrevit.
1323 2232 1372 2269 37
