1438 2466
33 157 145 188 mou.
168 148 260 202 449]
487 149 656 188 LIBER
693 151 777 188 III.
1149 151 1220 188 129

40 247 317 296 impotentium
354 247 599 285 dominorum
633 260 672 285 se
705 248 951 286 amovissent.
1010 247 1223 298 Postquam
1243 267 1272 285 ιο

40 311 149 348 citati
164 324 241 349 non
256 312 549 359 conveniebant,
563 312 713 349 dimissi
727 313 825 349 circa
837 312 970 350 domos
984 313 1224 363 apparitores

40 376 155 414 simul
181 377 229 413 ad
255 377 415 432 pignera
434 377 621 432 capienda
643 378 1003 428 sciscitandumque,
1026 391 1120 415 num
1139 391 1223 415 con-

41 440 145 479 sulto
181 430 451 487 detrectarent,
484 441 661 478 referunt
698 446 876 479 senatum
912 443 954 479 in
991 442 1094 492 agris
1129 454 1220 479 esse.

42 506 188 543 Laetius
215 505 255 542 id
284 505 512 542 decemviris
539 506 689 554 accidit,
720 519 837 556 quam
866 506 897 542 si
930 510 1136 555 praesentes
1164 506 1224 543 de-

42 574 207 606 trectare
243 569 449 619 imperium
486 569 686 607 referrent.
746 570 892 607 Iubent
928 570 1043 607 acciri
1080 582 1221 618 omnes,
1245 586 1276 608 ¹3

42 640 296 685 senatumque
322 636 363 672 in
383 635 485 672 diem
510 640 707 685 posterum
726 635 886 672 edicunt
898 651 909 684 3
936 636 1005 686 qui
1023 635 1225 685 aliquanto

32 714 109 751 spe
127 700 299 750 ipsorum
313 699 556 749 frequentior
571 700 762 736 convenit.
804 699 890 744 Quo
905 700 1017 747 facto,
1032 700 1225 750 proditam

42 778 66 801 a
94 763 271 814 patribus
303 763 411 812 plebs
444 763 664 800 libertatem
698 768 795 809 rata,
824 764 928 813 quod
959 764 1018 812 iis,
1049 765 1118 814 qui
1146 765 1224 801 iam

43 830 272 878 magistratu
301 828 482 873 abissent,
511 828 762 877 privat-isque,
789 828 822 865 si
851 829 910 865 vis
939 829 1100 876 abesset,
1129 833 1225 866 tam-

42 905 157 942 quam
177 892 261 928 iure
280 891 506 940 cogentibus
524 896 682 928 senatus
701 892 902 941 paruisset.

124 956 200 993 Sed
243 956 364 1004 magis
409 955 633 992 obedienter
669 961 830 993 ventum
868 957 910 993 in
948 958 1093 995 curiam
1133 956 1224 1010 [est]
1245 962 1292 998 39

43 1033 159 1069 quam
199 1020 365 1057 obnoxie
402 1020 525 1057 dictas
561 1021 774 1058 sententias
811 1034 909 1058 acce-
972 1059 1089 1091 Moefing
1121 1060 1150 1084 or
1179 1061 1225 1085 the

43 1085 181 1139 pimus:
239 1083 281 1120 L
324 1083 526 1120 Valerium
565 1083 741 1120 Potitum
776 1084 905 1133 prodi·
938 1090 1063 1151 5332?ae
1081 1091 1224 1146 orv13⁰¹3¹=lt
1243 1099 1258 1115 2

44 1153 129 1185 tum
155 1148 348 1185 memoriae
365 1152 427 1184 est
445 1153 534 1197 post
552 1148 778 1184 relationem
799 1149 901 1198 App.
938 1152 1021 1206 ¹33³
1045 1152 1149 1187 ¹¹9¹it¹¹⁵
1170 1153 1224 1176 ΝΜ

938 1197 946 1206 Α
1014 1186 1116 1206 oramus
1126 1183 1224 1207 Barba-

45 1211 210 1256 Claudii,
252 1211 478 1260 priusquam
525 1211 659 1248 ordine
700 1211 904 1248 sententiae
935 1213 1102 1269 {galgffi'fm‘
1119 1213 1165 1238 ΦΒ
1180 1213 1224 1238 de·

46 1281 286 1326 rogarentur,
320 1275 561 1326 postulando,
594 1281 638 1313 ut
665 1277 712 1314 de
742 1289 783 1313 re
812 1277 905 1326 pub-

45 1343 121 1379 lica
156 1341 290 1378 liceret
330 1341 467 1386 dicere,
506 1341 802 1389 prohibentibus
840 1339 1042 1376 minaciter
1078 1339 1224 1375 decem·

46 1407 150 1452 viris,
171 1406 416 1456 proditurum
445 1418 484 1442 se
507 1406 555 1442 ad
578 1405 729 1454 plebem
755 1405 1063 1448 denuntiantem,
1084 1403 1226 1440 tumul-

46 1475 130 1507 tum
167 1469 364 1507 excivisse.
423 1468 508 1506 Nec
540 1469 670 1506 minus
707 1469 886 1506 ferociter
915 1467 971 1505 M.
1012 1468 1225 1504 Horatium
1245 1482 1258 1505 3

46 1534 259 1570 Barbatum
296 1533 370 1569 isse
406 1533 449 1569 in
481 1537 688 1580 certamen,
728 1532 856 1570 decern
895 1531 1126 1581 Tarquinios
1159 1544 1223 1580 ap—

46 1598 254 1647 pellantem
282 1597 640 1647 admonentemque,
673 1597 842 1635 Valeriis
879 1601 919 1634 et
955 1597 1134 1634 Horatiis
1160 1596 1226 1633 du-

46 1663 155 1700 cibus
183 1661 315 1711 pnlsos
343 1674 461 1711 reges.
519 1661 602 1698 Nec
630 1661 798 1698 nominis
825 1661 999 1698 homines
1027 1666 1110 1698 tum
1144 1674 1227 1711 per-
1244 1679 1258 1701 ⁴

48 1733 182 1764 taesnm
209 1739 300 1771 esse,
321 1726 465 1776 quippe
490 1739 565 1776 quo
594 1727 728 1763 Iovem
757 1726 944 1776 appellari
971 1725 1032 1762 fas
1061 1726 1123 1771 sit,
1151 1739 1226 1775 quo

47 1790 270 1836 Romulum,
291 1791 529 1828 conditorem
552 1791 672 1838 urbis,
701 1791 956 1841 deincepsque
983 1803 1102 1840 reges,
1124 1791 1226 1839 quod

46 1854 165 1893 sacris
201 1854 319 1892 etiam
355 1859 402 1891 ut
433 1855 617 1891 sollemne
653 1858 849 1892 retentum
887 1855 939 1891 sit
952 1868 962 1901 ;
1005 1853 1225 1903 superbiam

48 1919 349 1968 violentiamque
386 1923 470 1955 tum
500 1931 655 1968 perosos
690 1919 799 1969 regis.
859 1919 953 1964 Quae
990 1918 1023 1954 si
1059 1918 1102 1954 in
1138 1930 1226 1966 rege
1243 1934 1258 1957 5

48 1987 132 2019 tum
163 1983 183 2027 †
210 1982 343 2019 eodem
369 1987 437 2019 aut
465 1983 507 2019 in
533 1983 613 2020 filio
642 1983 743 2033 regis
770 1983 928 2020 ferenda
959 1995 1039 2019 non
1066 1981 1223 2028 fuerint,

47 2060 161 2096 quem
184 2047 355 2084 laturum
375 2048 418 2084 in
437 2052 498 2084 tot
515 2047 707 2097 privatis?
763 2047 967 2091 Viderent,
988 2058 1038 2083 nc
1057 2045 1225 2082 vetando
1241 2056 1258 2080 6

47 2110 88 2147 in
125 2111 232 2148 curia
267 2111 386 2148 libere
422 2112 596 2149 homines
633 2112 740 2162 loqui
776 2116 888 2148 extra
924 2111 1071 2148 curiam
1107 2110 1223 2146 etiam

47 2179 247 2212 moverent
283 2188 440 2223 vocem,
476 2189 600 2226 neque
632 2189 673 2213 se
705 2176 847 2223 videre,
881 2175 949 2224 qui
985 2175 1059 2211 sibi
1096 2174 1225 2211 minus

47 2240 201 2289 privato
243 2240 293 2277 ad
338 2241 555 2278 contionem
597 2241 784 2291 populum
824 2252 961 2277 vocare
993 2251 1109 2289 quam
1146 2239 1225 2275 illis

159 2325 191 2355 s.
214 2325 249 2355 L.
1086 2317 1110 2355 0
