1438 2466
160 107 233 146 170
673 108 733 145 LI
742 109 823 146 VII
1103 111 1232 163 [A.U.c.
1257 115 1332 162 308

154 205 272 241 sando
290 204 420 251 aciem,
441 205 601 254 ancipiti
621 210 767 244 terrore
786 207 1009 257 dissipasset
1037 209 1176 256 hostes,
1203 211 1245 247 ni
1263 224 1332 249 suo

154 269 307 318 proprio
338 282 425 306 eum
449 269 583 319 proelio
613 270 760 318 equites
788 270 1018 308 Volscorum
1044 277 1084 309 et
1114 273 1329 323 AEquorum

117 349 132 373 ⁵
153 337 356 381 exceptum
384 332 622 381 aliquamdiu
646 333 869 370 tenuissent.
929 334 990 370 Ibi
1019 347 1110 372 vero
1140 336 1332 386 Sulpicius

153 410 293 446 negare
329 397 536 434 cunctandi
574 402 727 447 tempus
765 411 854 446 esse,
895 399 1176 437 circumventos
1211 402 1329 438 inter-

153 461 353 510 clusosque
380 462 428 498 ab
447 462 527 498 suis
547 461 772 508 vociferans,
794 462 836 498 ni
855 467 1031 512 'equestre
1050 464 1227 512 proelium
1247 478 1330 502 eon-

115 539 131 563 6
152 526 237 562 nixi
256 527 360 562 omni
380 526 421 562 vi
439 526 666 575 perficerent
671 540 682 573 3
710 539 780 564 nec
799 527 932 576 fugare
947 529 1115 578 equitem
1135 529 1330 579 integrum

151 591 244 627 satis
271 603 374 638 esse3
403 591 634 628 conficerent
653 604 769 641 equos
797 593 986 641 virosque,
1007 605 1056 629 ne
1075 593 1160 642 quis
1179 594 1331 631 revehe-

151 661 260 693 retur
288 657 377 693 inde
405 657 453 693 ad
481 656 657 705 proelium
686 661 755 693 aut
786 657 998 706 integraret
1020 670 1210 706 pugnam3
1252 672 1329 696 non

151 732 258 769 posse
277 720 362 757 illos
390 720 566 757 resistere
583 720 666 765 sibi,
689 720 827 769 quibus
846 720 1019 757 conferta
1038 721 1212 770 peditum
1231 721 1330 758 acies

118 801 132 824 7
151 784 334 823 cessisset.
393 783 514 820 Haud
547 783 673 820 surdis
705 785 862 821 auribus
899 784 1011 822 dicta.
1071 785 1328 835 Impressione

150 861 230 884 una
258 852 384 884 totum
414 848 631 897 equitatum
659 848 804 894 fudere,
825 861 1004 898 magnam
1035 849 1115 885 vim
1146 862 1194 886 ex
1220 850 1328 899 equis

150 912 446 961 praecipitavere,
471 913 572 961 ipsos
607 924 799 961 equosque
829 913 986 961 spiculis
1014 913 1229 950 confodere.
1287 914 1328 950 Is

117 988 132 1012 8
151 975 238 1012 finis
258 988 394 1025 pugnae
413 976 600 1024 equestris
615 975 702 1012 fuit.
741 975 848 1012 Tunc
866 976 988 1013 adorti
1005 976 1179 1025 peditum
1194 977 1326 1024 aciem,

149 1041 308 1078 nuntios
327 1041 375 1077 ad
395 1041 567 1078 consules
585 1041 640 1078 rei
659 1046 774 1090 gestae
794 1041 967 1088 mittunt,
989 1042 1055 1078 ubi
1076 1042 1152 1078 iam
1171 1042 1326 1079 inclina-

149 1105 264 1142 batur
282 1105 451 1142 hostium
479 1105 588 1142 acies.
647 1106 823 1143 Nuntius
848 1106 986 1143 deinde
1014 1111 1054 1143 et
1081 1107 1326 1145 vincentibus

149 1170 336 1207 Romanis
363 1170 511 1207 animos
538 1171 651 1207 auxit
677 1175 716 1208 et
744 1171 949 1208 referentes
973 1171 1135 1220 grad1m1
1163 1173 1327 1221 perculit

114 1256 130 1280 9
149 1234 308 1283 AEquos.
367 1234 417 1270 In
436 1234 561 1271 media
580 1234 746 1283 primum
767 1235 847 1271 acie
872 1234 973 1271 vinci
1001 1236 1124 1285 coepti,
1147 1249 1223 1285 qua
1241 1249 1323 1286 per-

99 1323 130 1339 10
147 1299 287 1335 missus
310 1299 505 1348 equitatus
525 1299 749 1336 turbaverat
769 1299 922 1336 ordines
930 1313 939 1346 ;
968 1300 1167 1337 sinistrum
1189 1301 1324 1337 deinde

148 1376 265 1400 cornu
294 1363 342 1400 ab
373 1363 555 1408 Quinctio
585 1363 739 1400 consule
773 1363 863 1412 pelli
897 1368 1084 1412 coeptum;
1113 1364 1154 1400 in
1187 1364 1324 1401 dextro

148 1428 358 1477 plurimum
379 1428 520 1464 laboris
540 1428 624 1464 fuit.
682 1427 745 1464 Ibi
765 1428 952 1477 Agrippa,
973 1432 1085 1465 aetate
1101 1429 1324 1478 viribusque

147 1492 266 1538 ferox,
288 1505 407 1541 quum
436 1492 541 1528 omni
568 1496 676 1541 parte
696 1505 833 1541 pugnae
855 1492 990 1528 melius
1008 1505 1090 1528 rem
1108 1492 1189 1541 geri
1209 1505 1323 1542 quam

147 1556 248 1605 apud
263 1569 303 1593 se
318 1556 477 1601 videret,
499 1561 651 1605 arrepta
669 1556 778 1605 signa
797 1556 846 1592 ab
865 1555 1056 1604 signiferis
1076 1556 1156 1605 ipse
1170 1556 1322 1602 inferre,

97 1647 125 1663 ,ι
148 1620 322 1670 quaedam
341 1620 463 1656 iacere,
488 1621 604 1656 etiam
631 1620 672 1656 in
698 1619 890 1656 confertos
908 1619 1037 1656 hostes
1055 1620 1187 1669 coepit;
1216 1621 1324 1657 cuius

146 1683 366 1732 ignominiae
404 1687 508 1719 metu
547 1683 725 1719 concitati
768 1683 911 1719 milites
951 1683 1125 1720 invasere
1162 1683 1319 1722 hostem.

148 1748 212 1785 Ita
241 1751 390 1797 aequata
413 1760 461 1783 ex
481 1747 586 1782 omni
606 1751 714 1796 parte
735 1747 894 1783 victoria
914 1751 981 1784 est.
1040 1747 1215 1784 Nuntius
1239 1753 1322 1784 tum

147 1826 169 1849 a
201 1812 382 1857 Quinctio
414 1811 530 1857 venit,
566 1811 751 1847 victorem
772 1811 847 1846 iam
867 1823 906 1846 se
926 1810 1126 1847 imminere
1154 1810 1321 1847 hostium

147 1878 302 1923 castris;
332 1876 433 1913 nolle
452 1877 675 1924 irrumpere,
696 1880 902 1924 antequam
923 1876 1017 1911 sciat
1037 1875 1270 1912 debellatum
1285 1881 1323 1912 et

101 1969 130 1986 ,2
147 1941 188 1977 in
215 1940 372 1976 sinistro
392 1952 509 1976 cornu
529 1952 631 1975 esse:
661 1939 693 1975 si
721 1939 797 1974 iam
826 1938 987 1974 fudisset
1015 1938 1153 1984 hostes,
1183 1939 1322 1975 confer-

147 2010 207 2041 ret
225 2005 272 2041 ad
292 2016 331 2040 se
352 2005 469 2052 signa,
487 2008 532 2040 ut
551 2003 664 2039 simul
685 2003 809 2039 onmis
828 2002 1021 2039 exercitus
1040 2002 1167 2051 praeda
1187 2004 1323 2052 potire-

100 2094 130 2117 ¹3
149 2074 222 2106 tur.
282 2068 419 2104 Victor
438 2068 614 2117 Agrippa
633 2081 717 2104 cum
739 2074 874 2104 mutua
893 2068 1153 2116 gratulatione
1172 2068 1221 2104 ad
1250 2068 1323 2105 vic-

151 2139 271 2169 torem
300 2133 482 2181 collegam
510 2137 707 2180 castraque
736 2132 905 2168 hostium
938 2132 1051 2168 venit.
1111 2132 1173 2168 Ibi
1193 2134 1323 2181 paucis

150 2196 446 2232 defendentibus
484 2201 751 2244 momentoque
786 2194 891 2240 fusis,
928 2195 1009 2231 sine
1043 2194 1249 2231 cert-nnine.
1283 2196 1321 2232 in
