1438 2466
150 118 223 155 104
664 117 817 155 LIVII
1095 115 1223 167 [A.U.c.
1248 129 1322 165 294

111 228 128 253 8
144 215 226 252 dux
244 219 406 263 uterque
432 226 521 250 suos
545 214 784 250 adhortatur.
843 214 1052 263 Trepidare
1079 218 1164 250 tum
1192 214 1323 251 hostes

144 292 213 316 nec
233 278 304 315 ulli
323 278 416 315 satis
432 278 487 314 rei
506 283 763 327 praeterquam
778 278 860 314 loco
874 279 991 315 fidere
999 293 1010 326 3
1037 278 1322 327 trepidantibus

143 343 319 380 inferunt
341 343 451 392 signa
474 342 643 379 Romani
671 342 849 390 sociique.
908 341 994 378 Iam
1020 343 1061 378 in
1087 343 1321 379 vestibulum

142 411 398 457 perruperant
423 407 570 455 templi,
592 419 712 455 quum
733 406 777 443 P.
799 405 982 442 Valerius
1004 395 1109 443 inter
1136 407 1322 455 primores

108 492 126 516 9
142 483 311 520 pugnam
338 471 441 506 ciens
469 469 713 506 interficitur.
771 468 814 505 P.
848 469 1084 506 Volumnius
1110 470 1320 506 consularis

144 536 243 572 vidit
280 535 490 571 cadentem.
562 534 614 580 Is,
653 533 743 569 dato
781 534 935 582 negotio
972 534 1063 580 suis,
1101 538 1147 570 ut
1183 547 1320 583 corpus

141 600 379 647 obtegerent,
401 599 482 647 ipse
501 597 543 633 in
570 598 695 634 locum
722 597 920 646 vicemque
946 598 1113 634 consulis
1131 599 1315 647 provolat.

141 662 226 699 Prae
246 663 381 699 ardore
402 664 629 710 impetuque
654 665 775 698 tantae
802 661 858 698 rei
883 675 1016 698 sensus
1044 675 1122 699 non
1141 663 1319 712 pervenit

139 728 188 763 ad
215 727 397 773 militem3
426 727 534 775 prius
562 726 666 772 vicit,
695 739 809 775 quam
838 738 878 762 se
910 739 1082 775 pugnare
1111 727 1194 764 sine
1221 727 1317 764 duce

88 809 123 828 ιο
139 791 312 828 sentiret.
377 791 499 827 Multi
536 790 713 827 exsulum
751 790 851 826 caede
888 803 957 826 sua
994 790 1186 827 foedavere
1222 795 1315 827 tem-

139 857 246 906 plum
260 870 270 903 3
310 853 425 892 multi
444 855 524 891 vivi
545 855 648 904 capti
664 869 674 902 3
716 854 940 891 Herdonius
959 854 1192 891 interfectus
1249 855 1315 892 Ita

139 920 377 969 Capitolium
415 924 697 968 recuperatum.
767 919 827 955 De
863 919 1036 968 captivis,
1077 923 1122 955 ut
1153 920 1315 970 quisque

138 985 236 1021 liber
253 988 323 1020 aut
342 996 475 1019 servus
493 988 603 1029 esset,
625 996 702 1019 suae
721 982 886 1019 fortunae
905 996 929 1019 a
947 996 1098 1032 quoque
1118 987 1315 1032 sumptum

138 1049 368 1098 supplicium
395 1052 464 1086 est.
523 1047 751 1084 Tusculanis
781 1048 914 1096 gratiae
942 1052 1048 1094 actae,
1081 1048 1315 1097 Capitolium

90 1135 117 1152 ιι
138 1116 346 1163 purgatum
367 1117 484 1162 atque
503 1113 722 1149 lustratum.
760 1113 810 1148 In
830 1113 998 1149 consulis
1017 1113 1173 1149 domum
1188 1113 1318 1162 plebes

138 1178 380 1227 quadranteS,
390 1181 436 1214 ut
447 1178 581 1215 funere
594 1178 778 1227 ampliore
790 1178 1002 1224 efferretur,
1011 1178 1172 1215 iactasse
1182 1179 1314 1215 fertur.

70 1237 117 1275 19
218 1242 316 1278 Pace
363 1246 482 1291 parta,
527 1244 673 1279 instare
719 1247 803 1278 tum
850 1243 1000 1278 tribuni
1045 1243 1232 1292 patribus,
1273 1248 1319 1280 ut

157 1316 213 1341 The
234 1316 356 1352 amusos
377 1316 421 1340 (le-
459 1307 496 1344 Ρ.
539 1307 689 1343 Valerii
726 1307 840 1343 fidem
879 1307 1132 1353 exsolverent,
1172 1308 1317 1345 instare

137 1347 421 1371 mandthefulnlmont

137 1378 370 1437 ‘ifalte'i-‘iug'rfflililfi
393 1378 421 1431 gif
454 1371 627 1417 Claudio,
655 1375 700 1407 ut
725 1371 877 1419 collegae
907 1371 997 1407 deos
1025 1384 1156 1408 manes
1181 1371 1317 1410 fraude

135 1439 203 1493 pout
221 1439 266 1463 the
286 1424 419 1462 'remum
453 1436 644 1481 liberaret,
670 1435 732 1484 agi
758 1435 804 1471 de
836 1435 918 1483 lege
944 1435 1096 1473 sineret.
1156 1436 1313 1483 Consul,

146 1476 192 1494 aw.
226 1469 349 1493 Dcmand
379 1476 419 1493 re-

135 1500 420 1555 ξξὲῗὲςὶῐῑξᾶῑξοὶἓῗῖῑξξὲ
453 1504 661 1547 antequam
682 1499 865 1547 collegam
881 1499 953 1535 sibi
975 1500 1227 1547 subrogasset,
1249 1514 1313 1537 ne-

107 1561 421 1620 211ζ13ἷῖὠζὲῐξζιζιοῗξζξ;
453 1576 541 1613 gare
561 1576 762 1612 passurum
782 1563 844 1611 agi
863 1563 910 1599 ‹le
926 1562 1017 1611 lege.
1067 1563 1142 1599 Hae
1158 1568 1316 1600 tenuere

135 1622 422 1680 ffissssffffl'ecsfssi'ctr'ossf
453 1627 718 1663 contentiones
743 1639 863 1675 usquc
887 1626 936 1662 ad
964 1627 1120 1662 comitia
1148 1628 1315 1665 consulis

135 1683 419 1743 {tfe‘ffitiissgfflss'ssedtlssgf
453 1691 695 1740 subrogandi.
756 1690 961 1727 Decembri
998 1704 1127 1727 mense
1164 1704 1314 1728 summo

134 1745 264 1805 {ossgffifh
279 1745 353 1799 „2‘1‘2'3”
373 1745 421 1798 312⁰.
454 1761 607 1806 patrum
623 1755 752 1792 studio
766 1754 807 1791 L.
824 1754 1031 1798 Quinctius
1044 1755 1310 1801 Cincinnatus,

136 1813 254 1830 uounccs
275 1805 315 1829 his
335 1806 420 1829 inten-
713 1819 720 1825 -
797 1832 802 1833 ⁷
1151 1819 1158 1826 .
1269 1820 1276 1826 .

135 1837 191 1861 tion
209 1837 238 1861 of
257 1836 363 1865 levying
385 1844 418 1860 an
452 1826 562 1870 pater
575 1820 752 1856 Caesoms.
768 1818 899 1855 Consul
915 1822 1081 1863 creatur,
1095 1831 1161 1867 qul
1178 1832 1312 1869 1113818-

134 1874 210 1896 army
223 1870 250 1891 to
269 1867 347 1891 make
366 1873 419 1891 war
703 1883 709 1888 .
837 1883 843 1889 .

102 1910 115 1933 3
135 1899 227 1922 onum
241 1898 388 1922 Volscians,
453 1890 598 1921 tratum
619 1887 967 1931 statuuocclperct.
1028 1882 1210 1919 Perculsa
1229 1888 1310 1920 erat

134 1954 263 2002 plebes
296 1951 489 1988 consulem
529 1948 711 1984 habitura
749 1947 903 1992 iratum,
946 1950 1141 1995 potentem
1179 1946 1310 1984 favore

134 2022 300 2066 patrum,
340 2016 487 2051 virtuto
525 2025 604 2056 sua,
646 2011 770 2046 tribus
808 2010 946 2054 liboris,
991 2023 1153 2059 quorum
1198 2023 1311 2047 nemo

135 2081 283 2119 Caesoni
327 2081 486 2117 cedebat
536 2076 805 2122 maguitudino
846 2076 976 2120 animi,
1028 2075 1227 2112 consilium
1271 2081 1310 2113 et

100 2171 117 2196 ⁴
134 2148 288 2185 modum
308 2144 536 2182 adhibendo,
559 2142 625 2178 ubi
646 2154 704 2177 ros
725 2145 904 2189 posceret,
927 2141 1072 2188 priores
1091 2147 1210 2178 orant.
1270 2141 1310 2177 Is

133 2219 180 2251 ut
217 2213 483 2260 magifflmtum
519 2208 618 2252 iniit,
659 2206 821 2243 assiduis
859 2205 1102 2242 contionibus
1138 2217 1207 2254 pro
1244 2205 1309 2242 tri-
