1438 2466
141 146 164 180 8
653 144 803 180 LIVII
1090 147 1218 193 [ΑΜΕ.
1244 154 1316 192 245

141 239 289 275 b'rutus
307 239 356 275 ad
375 238 655 287 explorandum
675 252 761 274 cum
781 239 957 287 equitatu
977 238 1191 276 antecessit.
1248 238 1319 274 Eo-

141 303 227 339 dem
256 304 369 340 modo
396 303 544 351 primus
572 316 687 351 eques
714 303 884 340 hostium
912 304 1076 353 agminis
1103 304 1202 350 fuit;
1229 316 1318 352 prae-

141 372 225 404 erat
255 368 412 404 Arruns
441 368 685 416 Tarquinius,
719 368 822 404 filius
858 368 981 417 regis3
1023 381 1092 405 rex
1122 369 1202 417 ipse
1233 382 1318 405 cum

109 446 123 469 7
142 431 356 480 legionibus
392 432 635 480 sequebatur.
711 433 868 469 Arruns
913 433 981 469 ubi
1027 446 1075 469 cx
1121 433 1320 469 lictoribus

142 496 284 545 procul,
320 497 515 533 consulem
545 509 635 542 esse,
656 497 794 533 deinde
821 498 897 534 iam
926 498 1084 546 propius
1111 511 1154 534 ac
1179 498 1321 534 certius

143 561 237 597 facie
260 574 412 610 quoque
439 561 606 597 Brutum
633 561 823 610 cognovit,
844 562 1106 598 inflammatus
1128 561 1187 598 ira
1212 565 1234 581 “
1249 561 1321 597 Ille

143 629 201 661 cst
238 625 328 660 vi1·”
367 625 504 673 inquit,
546 625 648 673 “qui
684 638 754 661 nos
791 630 963 662 extorres
1000 626 1150 674 expulit
1182 624 1317 674 patria.

145 689 232 737 Ipse
255 702 301 725 en
329 689 393 725 ille
416 689 558 725 nostris
586 689 787 725 decoratus
813 689 1028 738 insignibus
1048 689 1249 737 magnifice
1267 688 1322 724 in-

109 764 124 787 8
143 752 254 789 cedit.
313 753 365 788 Di
394 765 527 801 regum
556 752 710 799 ultores,
740 753 904 789 adeste.'⁷
961 753 1140 789 Concitat
1169 752 1321 789 calcari-

144 818 215 854 bus
243 831 384 866 equum
412 822 529 867 atque
558 817 597 853 in
626 818 753 866 ipsum
775 817 939 854 infestus
964 818 1158 854 consulem
1177 817 1320 867 dirigit.

145 881 274 918 Sensit
301 882 342 917 in
370 894 409 917 se
436 881 486 918 iri
515 882 685 928 Brutus3
715 881 894 918 decorum
924 886 1006 918 erat
1034 887 1119 918 tum
1147 883 1239 931 ipsis
1267 895 1320 918 ca-

143 959 294 995 pessere
327 959 494 995 pugnam
528 947 714 994 ducibus3
750 946 861 983 avide
894 946 1024 995 itaque
1057 960 1097 983 se
1122 946 1323 983 certamini

114 1029 126 1051 2
144 1010 282 1057 offert3
312 1010 482 1059 adeoque
508 1010 659 1047 infestis
687 1011 827 1046 animis
855 1015 1142 1056 concurrerunt,
1174 1015 1322 1055 neuter,

144 1075 236 1111 dum
265 1075 412 1111 hostem
448 1074 680 1121 vuhicraret,
710 1074 771 1111 sui
798 1075 1024 1124 protegendi
1052 1075 1220 1124 corporis
1248 1088 1324 1110 lne-

144 1151 238 1183 mor,
260 1143 306 1174 ut
324 1138 517 1175 contrario
536 1139 618 1175 ictu
637 1151 705 1187 per
724 1151 896 1187 parmam
916 1144 1080 1187 uterque
1102 1138 1323 1183 transfixus,

144 1203 294 1240 duabus
319 1203 507 1240 haerentes
529 1203 653 1240 hastis
676 1203 898 1239 moribundi
921 1216 970 1239 ex
989 1203 1098 1251 equis
1116 1202 1216 1251 lapsi
1234 1202 1322 1238 sint.

98 1286 127 1302 10
145 1266 270 1303 Simul
289 1270 329 1303 et
347 1271 474 1303 cetera
493 1266 681 1315 equestris
696 1279 826 1315 pugna
841 1267 966 1314 coepit,
985 1279 1109 1315 neque
1129 1267 1184 1303 ita
1203 1267 1327 1302 multo

144 1336 230 1380 post
263 1335 303 1367 ct
334 1331 484 1380 pedites
516 1333 808 1381 superveniunt.
866 1332 929 1368 Ibi
962 1332 1070 1368 varia
1099 1331 1261 1381 victoria
1288 1337 1328 1368 et

146 1396 254 1433 velut
282 1409 390 1445 aequo
423 1397 554 1433 Marte
586 1401 799 1446 pugnatum
831 1401 912 1444 est;
951 1397 1111 1433 dextera
1145 1396 1328 1445 utrinque

97 1477 122 1493 ιι
144 1473 288 1497 cornua
327 1460 461 1506 vicere,
501 1461 598 1497 laeva
643 1465 834 1510 superata.
893 1461 1090 1506 Veientes,
1130 1461 1236 1497 vinci
1280 1461 1329 1497 ab

146 1525 323 1561 Romano
348 1525 472 1561 milite
495 1526 649 1570 assueti,
672 1525 749 1562 fusi
769 1525 970 1574 fugatique
983 1538 993 1572 ;
1022 1525 1327 1575 Tarquiniensis,

144 1603 269 1626 novus
293 1590 425 1636 hostis,
447 1603 526 1627 non
548 1590 661 1627 stetit
685 1591 820 1637 solum,
842 1591 907 1627 sed
928 1591 1042 1627 etiam
1063 1591 1112 1627 ab
1131 1604 1201 1627 sua
1220 1598 1330 1640 parte

103 1660 125 1697 7
146 1654 366 1690 Romanum
386 1653 545 1703 pepulit.
604 1654 669 1690 Ita
687 1667 809 1703 quum
829 1659 1044 1704 pugnatum
1064 1659 1176 1702 esset,
1195 1659 1329 1692 tantus

145 1723 270 1756 terror
296 1718 551 1768 Tarquinium
571 1723 688 1768 atque
708 1719 892 1757 Etruscos
914 1720 1079 1768 incessit,
1111 1725 1167 1766 ut,
1192 1721 1332 1757 omissa

146 1783 258 1819 irrita
294 1796 346 1828 re,
376 1787 488 1819 nocte
518 1783 630 1819 ambo
664 1784 867 1828 exercitus,
900 1784 1046 1821 Veiens
1083 1784 1332 1833 Tarquinien—

116 1865 127 1881 ι
146 1847 285 1896 sisque,
313 1860 401 1883 suas
429 1847 590 1896 quisque
618 1847 771 1884 abirent
793 1848 934 1885 domos.
994 1848 1200 1885 Adiiciuut
1218 1849 1332 1886 mira-

146 1911 232 1947 cula
268 1910 358 1947 huic
395 1923 555 1959 pugnae:
602 1911 757 1948 silentio
794 1912 978 1961 proximae
1007 1912 1130 1949 noctis
1158 1926 1206 1949 ex
1233 1913 1333 1949 silva

147 1975 265 2012 Arsia
292 1975 489 2025 ingentem
523 1976 668 2012 editam
698 1989 851 2023 vocem3
899 1976 1049 2013 Silvani
1081 1990 1210 2014 vocem
1248 1990 1331 2014 eam

147 2041 355 2087 credita1113
385 2041 463 2077 haec
490 2040 617 2078 dicta:
646 2053 724 2077 uno
747 2040 834 2090 plus
856 2041 1068 2078 Tuscorum
1090 2041 1269 2078 cecidisse
1291 2041 1333 2078 in

116 2121 131 2145 3
148 2105 227 2141 acie
241 2118 252 2151 ς
281 2105 435 2142 vincere
454 2105 554 2142 bello
575 2105 805 2142 Romanum.
865 2105 930 2142 Ita
947 2110 1050 2143 certe
1075 2105 1164 2142 inde
1192 2106 1331 2153 abiere,

150 2169 318 2206 Romani
355 2174 400 2206 ut
438 2169 614 2215 victores,
646 2169 801 2221 Etrusci
831 2182 899 2218 pro
932 2170 1070 2217 victis;
1113 2182 1202 2206 nam
1234 2175 1333 2219 post-

149 2247 262 2285 quam
291 2233 424 2271 illuxit
452 2247 521 2270 nec
540 2233 743 2283 quisquam
764 2234 933 2271 hostium
953 2234 993 2270 in
1014 2239 1218 2284 conspectu
1238 2239 1331 2281 erat,
