1438 2466
66 104 168 130 men.
193 91 286 144 509]
524 93 693 129 LIBER
729 95 788 131 II.
1220 99 1243 134 5

65 203 125 227 res
143 194 212 227 est.
268 190 518 226 Vitelliorum
548 204 656 227 soror
684 191 831 227 consuli
860 197 983 240 nupta
1004 193 1128 229 Bruto
1147 199 1240 240 erat,

65 254 218 304 iamque
249 267 298 291 ex
330 267 375 291 eo
406 254 653 292 matrimonio
684 255 944 292 adolescentes
976 261 1088 292 erant
1120 257 1242 303 liberi,

65 319 177 356 Titus
205 319 568 372 Tibcfflusque;.eos
595 333 747 369 quoque
775 320 816 357 in
844 320 1066 358 societatem
1093 321 1242 358 consilii
1265 349 1278 363 2

65 385 251 421 avunculi
270 390 484 422 assumunt.
543 385 738 423 Praeterea.
761 385 910 435 aliquot
927 385 1269 433 DObUES-QQ:-

51 453 207 510 Effl-
237 450 377 487 conscii
422 451 621 500 assumpti,
662 463 826 500 quorum
865 454 1062 487 vetustate
1104 463 1242 488 memo-

63 513 122 550 ria
161 514 267 551 abiit.
325 513 490 550 Interim
529 527 650 563 quum
689 514 731 550 in
776 518 914 551 senatu
959 513 1114 551 vicisset
1157 527 1240 550 sen-
1264 538 1279 561 3

64 578 198 624 tentia,
230 590 314 627 quae
343 578 524 615 censebat
553 578 748 615 reddenda.
781 579 891 624 bona,
925 591 1086 628 eamque
1119 578 1242 627 ipsam

63 653 215 678 causam
245 654 359 679 morae
389 642 430 678 in
461 643 554 679 urbe
584 642 772 679 haberent
800 642 928 691 legati,
951 642 1053 691 quod
1073 642 1242 692 spatium

33 696 112 742 'ad
148 705 326 743 vehicula
361 706 619 756 comparanda
655 720 678 743 a
720 707 940 743 consulibus
977 707 1240 756 sumpsissent,

63 770 203 819 quibus
233 784 366 820 regum
397 776 642 821 asportarent
671 785 740 817 res,
762 784 875 808 omne
904 771 945 808 id
975 777 1125 821 tempus
1155 785 1241 808 cum

62 835 272 872 coniuratis
315 836 569 872 consultando
614 836 833 883 absumunt,
882 836 1143 885 evincuntque
1187 836 1242 872 in-

62 899 210 946 stando,
231 904 276 936 ut
295 900 434 937 litterae
462 901 536 936 sibi
568 901 617 937 ad
650 901 881 950 Tarquinios
913 901 1117 938 darentur:
1151 914 1239 936 nam
1263 923 1278 946 4

61 964 175 1001 aliter
206 964 273 1013 qui
303 964 514 1001 credituros
544 978 618 1011 eos,
645 978 724 1002 non
755 978 854 1002 vana
883 966 932 1002 ab
962 965 1100 1014 legatis
1128 978 1242 1014 super

63 1029 176 1065 rebus
207 1029 329 1065 tantis
361 1029 514 1066 afferri‘l
574 1029 877 1088 Qunam,
903 1033 949 1065 ut
980 1029 1120 1078 pignus
1153 1029 1239 1065 fidei

61 1096 200 1137 essent,
240 1091 489 1147 ¹ufl¹njfeSb¹¹F¹¹
527 1093 675 1128 facinus
712 1093 895 1130 fecerunt.
971 1092 1075 1129 Nam
1122 1105 1240 1142 quum
1263 1108 1278 1131 5

461 1132 901 1145 -.i--ff-*W‹--.·—---m
918 1134 932 1139 μ
942 1136 946 1137 ⁷

62 1157 196 1207 pridie,
235 1170 350 1207 quam
388 1158 506 1207 legati
542 1158 592 1195 ad
629 1158 859 1207 Tarquinios
896 1157 1238 1207 proficiscerentur,

61 1225 240 1257 cenatum
269 1220 368 1257 forte
396 1219 499 1269 apud
533 1220 712 1257 Vitellios
740 1225 849 1266 esset,
876 1220 1144 1270 coniuratique
1172 1220 1237 1267 ibi,

62 1285 218 1322 remotis
236 1284 404 1330 arbitris,
422 1284 546 1321 multa
563 1285 667 1321 inter
686 1297 726 1322 se
745 1285 792 1321 de
812 1298 924 1332 novo,
946 1289 991 1321 ut
1010 1286 1065 1331 fit,
1082 1285 1241 1322 consilio

61 1349 239 1399 egissent,
261 1362 473 1386 sermonem
499 1361 632 1386 eorum
657 1362 706 1386 ex
731 1349 852 1386 servis
871 1363 972 1387 unus
991 1349 1153 1399 excepit,
1174 1350 1240 1399 qui

60 1415 138 1452 iam
170 1419 285 1452 antea
315 1415 356 1451 id
385 1420 557 1452 senserat
594 1415 668 1464 agi,
702 1416 768 1451 sed
801 1429 884 1452 eam
916 1416 1162 1463 occasionem,
1197 1421 1242 1453 ut
1261 1427 1277 1450 6

61 1479 200 1516 litterae
219 1479 357 1528 legatis
372 1480 568 1525 darentur,
585 1492 668 1528 quae
683 1480 927 1528 deprehensa>
944 1494 1022 1517 rem
1038 1493 1241 1530 coarguere

61 1550 226 1595 possent,
257 1545 514 1594 exspectabat.
574 1545 782 1594 Postquam
812 1546 921 1582 datas
939 1545 1071 1592 sensit,
1092 1558 1173 1582 rem
1192 1546 1241 1582 ad

60 1609 236 1664 consules
254 1609 404 1646 detulit.
464 1609 650 1646 Consules
669 1609 717 1646 ad
737 1609 1076 1658 deprehendendos
1095 1610 1240 1663 legetos
1259 1629 1276 1659 J

60 1674 355 1725 coniuratosque
374 1674 535 1724 profecti
554 1674 668 1711 domo
687 1675 768 1711 sine
795 1675 968 1712 tumultu
987 1689 1068 1712 rem
1088 1689 1239 1713 omnem

60 1750 300 1787 oppressere,
324 1737 544 1774 litterarum
570 1739 612 1775 in
631 1739 765 1787 primis
784 1739 918 1776 habita
936 1753 1037 1785 cura,
1058 1753 1106 1776 ne
1125 1740 1240 1777 inter-

59 1802 241 1839 ciderent.
298 1801 568 1839 Proditoribus
600 1804 794 1852 extemplo
824 1803 864 1839 in
888 1804 1016 1840 vincla
1045 1804 1237 1851 coniectis,

61 1865 108 1902 dc
141 1865 276 1915 legatis
309 1865 510 1914 paululum
543 1866 813 1903 addubitatum
847 1872 921 1913 est,
948 1872 988 1904 et
1019 1880 1236 1917 quanquam

61 1931 133 1967 visi
153 1936 246 1967 sunt
264 1931 506 1977 commisisse,
523 1937 568 1968 ut
587 1931 755 1967 hostium
777 1931 856 1968 loco
876 1937 1014 1978 essent,
1032 1931 1091 1968 ius
1110 1936 1238 1968 tamen

60 1997 233 2046 gentium
255 1996 387 2033 valuit.
446 1996 506 2032 De
532 1996 643 2032 bonis
669 1996 793 2044 regiis,
815 2009 899 2045 quae
919 1996 1027 2031 reddi
1047 2000 1137 2032 ante
1156 2010 1239 2033 cen-
1262 1999 1283 2035 5

60 2066 229 2107 suerant,
257 2073 317 2097 res
347 2062 498 2109 integra.
527 2062 692 2097 refertur
720 2060 768 2097 ad
800 2065 936 2109 patres.
996 2060 1032 2096 Ii
1061 2060 1154 2097 victi
1182 2061 1240 2097 ira

62 2130 217 2162 vetuere
237 2125 355 2171 reddi,
376 2130 534 2162 vetuere
553 2125 594 2161 in
613 2125 809 2174 publicum
831 2124 963 2173 redigi.
1007 2125 1237 2174 Diripienda
1261 2143 1274 2159 ο

62 2190 161 2239 plebi
181 2195 274 2226 sunt
291 2190 391 2235 data,
412 2195 458 2226 ut
476 2194 653 2226 contacta
673 2189 775 2237 regia
801 2189 927 2237 praeda
955 2201 1060 2236 spem
1088 2188 1129 2224 in
1158 2201 1237 2238 per-
